3046 5032
205 361 245 427 72
599 342 830 406 CORNELII
852 341 1016 435 TACITI

159 544 188 593 15
204 539 303 583 ausus
324 527 383 592 est,
399 517 426 582 si
445 518 484 580 iis
504 523 712 599 comparetur
734 515 790 597 qui
814 522 930 597 postea
953 513 1092 590 luerunt,
1114 532 1213 595 posse
1235 521 1405 578 oratorem

203 631 322 704 vocari,
345 648 549 712 quamquam
572 628 605 690 in
629 647 749 712 magna
774 635 868 709 parte
894 624 1052 689 librorum
1075 645 1208 688 suorum
1233 624 1307 708 plus
1326 624 1405 688 bilis

203 742 326 806 habeat
340 762 442 824 quam
460 739 637 824 sanguinis.
684 739 812 802 Primus
828 739 914 802 enim
934 746 1129 819 contempto
1151 737 1266 801 ordine
1281 757 1403 812 rerum,

204 854 326 919 omissa
347 852 511 917 modestia
529 871 568 916 ac
586 852 712 934 pudore
731 852 917 929 verborum,
938 851 1017 934 ipsis
1040 849 1142 914 etiam
1158 849 1276 932 quibus
1298 849 1406 912 utitur

205 966 305 1030 armis
329 957 566 1047 incompositus
589 974 623 1029 et
644 965 757 1028 studio
782 963 916 1027 feriendi
940 964 1134 1046 plerumque
1156 962 1313 1038 deiectus,
1336 980 1406 1025 non

159 1107 191 1142 20
205 1087 341 1162 pugnat,
357 1077 416 1140 sed
437 1077 572 1141 rixatur.
618 1075 785 1153 Ceterum,
800 1084 838 1139 ut
859 1075 940 1149 dixi,
955 1075 1171 1158 sequentibus
1191 1083 1406 1157 comparatus

205 1199 239 1252 et
259 1189 418 1252 varietate
440 1189 632 1252 eruditionis
654 1197 688 1251 et
710 1187 822 1272 lepore
845 1186 1039 1251 urbanitatis
1061 1194 1095 1250 et
1118 1187 1262 1268 ipsarum
1285 1185 1405 1248 virium

206 1301 321 1364 robore
337 1299 477 1363 multum
494 1309 620 1364 ceteros
635 1307 777 1382 superat,
789 1319 930 1382 quorum
946 1299 1112 1362 neminem
1125 1297 1218 1381 Aper
1233 1296 1406 1359 nominare

206 1425 239 1477 et
253 1411 344 1477 velut
360 1413 393 1475 in
409 1413 514 1475 aciem
531 1413 668 1476 educere
683 1412 848 1476 sustinuit.
894 1411 970 1493 Ego
984 1420 1097 1475 autem
1113 1408 1350 1492 exspectabam
1366 1418 1405 1472 ut

207 1525 356 1589 incusato
367 1523 487 1587 Asinio
503 1533 537 1587 et
555 1522 667 1588 Caelio
683 1534 718 1588 et
728 1523 831 1588 Calvo
846 1521 936 1587 aliud
952 1522 1048 1587 nobis
1064 1542 1183 1606 agmen
1200 1522 1407 1605 produceret,

163 1662 192 1710 25
207 1637 382 1720 pluresque
392 1634 445 1699 vel
461 1646 548 1701 certe
563 1636 705 1700 totidem
719 1636 912 1714 nominaret,
927 1655 972 1698 ex
987 1635 1107 1719 quibus
1122 1634 1225 1698 alium
1242 1632 1406 1706 Ciceroni,

206 1748 307 1813 alium
334 1749 477 1829 Caesari,
510 1747 648 1831 singulis
678 1747 797 1811 deinde
827 1746 976 1829 singulos
1006 1766 1261 1830 opponeremus.
1306 1745 1337 1808 N
1341 1764 1406 1808 unc

207 1862 408 1925 detrectasse
437 1860 632 1924 nominatim
663 1860 817 1942 antiquos
850 1869 997 1924 oratores
1034 1866 1209 1923 contentus
1238 1857 1406 1922 neminem

207 1973 416 2055 sequentium
439 1971 575 2036 laudare
598 1992 697 2036 ausus
719 1980 771 2035 est
788 1970 850 2035 nisi
873 1971 906 2034 in
926 1971 1096 2054 publicum
1116 1971 1202 2035 etin
1222 1987 1407 2046 commune,

242 2153 280 2203 15.
292 2146 362 2203 posse
371 2147 436 2188 most
448 2139 529 2199 codd,
536 2145 592 2203 post
602 2154 627 2188 se
638 2140 669 2200 A,
679 2140 762 2204 postse
774 2140 802 2190 B.
904 2139 943 2189 16.
960 2140 1018 2189 bilo
1026 2140 1163 2204 Wopkens,
1174 2138 1214 2188 vis
1227 2139 1300 2188 codd.
1313 2137 1409 2200 (others

208 2204 338 2265 viri,suci,
346 2203 510 2267 caruis,&c.).
580 2215 616 2268 17.
629 2211 761 2269 contempto
771 2205 883 2268 ABEV„
892 2211 1002 2254 contento
1010 2206 1119 2255 CADH.
1187 2217 1225 2269 19.
1236 2203 1409 2253 studioEand

208 2270 273 2327 edd,
286 2270 378 2318 studiis
394 2271 466 2319 codd.
499 2270 604 2318 deiectus
620 2271 786 2331 ABEv,nH,
803 2271 914 2319 devectus
930 2271 986 2329 DC,
998 2271 1102 2319 detectus
1118 2271 1217 2335 Lipsius
1231 2269 1289 2334 (and
1306 2285 1335 2318 so
1352 2269 1408 2318 also

209 2334 303 2392 Heller,
318 2335 465 2398 Philologus
482 2335 508 2385 li.
522 2351 545 2399 p.
560 2335 626 2399 349).
728 2351 739 2384 2
743 2351 757 2398 3
782 2338 851 2385 velut
860 2342 926 2384 most
940 2335 1019 2391 codd..
1033 2336 1090 2384 vult
1100 2336 1124 2383 A
1140 2336 1190 2385 and
1208 2332 1363 2398 (originally)
1379 2335 1408 2382 B.

209 2415 247 2464 24.
265 2401 377 2448 incusato
393 2400 504 2460 Ev,cn,
522 2401 552 2448 iu
572 2404 665 2450 Curato
682 2401 714 2462 A,
732 2402 761 2450 r'n
777 2407 863 2450 curato
881 2401 915 2462 H,
933 2401 1048 2449 incurata
1066 2402 1120 2452 BD.
1221 2414 1260 2463 25.
1272 2399 1409 2464 plurisque

208 2465 319 2525 ABEV,
326 2465 453 2529 plerisque
464 2466 573 2515 DCAH.
662 2465 700 2514 26.
717 2468 795 2515 Nunc
806 2466 947 2523 Rhenanus,
959 2481 1009 2515 uon
1021 2467 1094 2516 codd.
1183 2468 1222 2517 28.
1240 2466 1409 2514 incommune

208 2531 314 2591 ABAH,
327 2532 356 2579 in
367 2546 468 2580 comune
477 2533 533 2590 ED,
546 2531 574 2579 in
585 2546 656 2580 omne
667 2531 697 2580 C.

245 2671 458 2730 :opinabilia
492 2670 526 2720 So
548 2671 633 2734 Quint.
651 2688 676 2726 x.
696 2685 717 2728 1,
737 2681 782 2736 117
866 2677 1156 2738 plerumque=saeper
1174 2688 1214 2723 see
1226 2688 1259 2722 on
1271 2676 1294 2722 6.
1307 2671 1330 2720 8.

209 2745 313 2787 namet
333 2737 425 2800 ingenii
448 2737 583 2802 plurimum
606 2745 642 2786 est
665 2738 691 2786 in
711 2754 741 2787 eo
759 2747 784 2787 et
867 2742 1002 2798 deiectus,
1022 2755 1055 2788 sc.
1075 2738 1106 2788 de
1125 2739 1221 2802 gradu:
1244 2753 1282 2801 cp.
1302 2737 1356 2788 Cic.
1377 2737 1409 2786 de

209 2802 329 2852 acerbitas
340 2805 403 2851 mira
417 2809 442 2852 et
458 2804 584 2852 urbanitas
598 2810 623 2853 et
639 2803 728 2864 fervor,
740 2803 784 2852 sed
834 2802 883 2853 off.
911 2818 921 2851 1
949 2809 961 2862 5
983 2806 1015 2853 80
1044 2804 1237 2854 tumultuantem
1267 2803 1297 2853 de
1329 2802 1409 2867 gradu

209 2869 266 2934 plus
278 2869 406 2918 stomacho
415 2884 490 2933 quam
500 2868 605 2918 consilio
614 2868 689 2918 dedit.
711 2869 783 2918 Prae·
834 2869 906 2924 deici.
918 2876 945 2917 ut
957 2869 1055 2928 dicitur,
1068 2870 1150 2919 where
1159 2868 1263 2918 Holden
1272 2867 1356 2933 points
1364 2877 1409 2917 out

209 2944 276 2984 terea
287 2941 314 2982 ut
328 2934 406 2982 amari
419 2934 490 2994 sales,
503 2933 539 2982 ita
549 2935 686 2998 frequenter
696 2933 783 2982 amari·
836 2935 889 2983 that
895 2935 992 2997 gradus
1001 2936 1051 2998 (cp.
1062 2935 1091 2984 de
1102 2941 1177 2992 statu,
1187 2935 1231 2984 Or.
1243 2940 1256 2994 ς
1268 2933 1326 2998 129)
1334 2935 1356 2982 is
1366 2933 1409 2982 the

210 3000 272 3050 tudo
283 2999 338 3063 ipsa
349 2999 453 3048 ridicula
464 3007 509 3048 est.
835 3008 936 3065 posture
949 3001 978 3048 oi
987 3017 1002 3049 a
1013 3015 1070 3048 man
1082 3000 1143 3048 with
1158 3000 1198 3050 his
1208 2999 1262 3063 legs
1273 3007 1344 3064 apart
1355 3015 1361 3048 :
1379 3014 1408 3048 so

246 3078 284 3129 19.
302 3067 388 3113 armis
407 3067 626 3123 incompositus:
645 3064 786 3114 ‘awkward
836 3065 891 3114 that
901 3065 943 3113 the
955 3064 1031 3129 figure
1043 3067 1065 3113 is
1076 3065 1150 3114 taken
1161 3066 1226 3114 from
1237 3083 1253 3114 a
1265 3065 1408 3114 combatant

211 3131 272 3178 with
283 3129 326 3179 the
335 3128 469 3193 weapons,’
482 3133 528 3179 &a
555 3130 604 3178 For
615 3130 657 3180 the
668 3130 784 3190 ablatlve,
835 3129 894 3179 who
905 3130 970 3179 loses
981 3131 1020 3178 his
1035 3131 1139 3180 balance
1154 3131 1263 3193 through
1281 3145 1409 3195 eagemess

210 3196 304 3244 editors
316 3203 390 3257 quote
399 3195 484 3257 Quint.
495 3196 526 3243 iv.
536 3195 786 3258 5,10incompositus
835 3203 863 3245 to
885 3196 961 3244 strike
983 3195 1033 3244 and
1055 3197 1076 3244 is
1097 3197 1155 3246 thus
1182 3196 1294 3245 ‘thrown
1316 3195 1353 3243 off
1369 3195 1410 3244 his

211 3260 329 3309 moribus.
364 3260 420 3308 The
426 3260 605 3323 juxtaposition
614 3261 642 3309 os
647 3276 693 3320 res,
702 3261 785 3321 verba,
834 3258 946 3326 gnard':
964 3277 1003 3325 cp.
1015 3261 1099 3324 Quint.
1112 3261 1143 3309 iv.
1159 3274 1181 3322 2,
1195 3261 1226 3310 26
1242 3262 1268 3310 in
1283 3276 1409 3310 armorum

212 3325 260 3374 and
272 3326 446 3389 incompositus
456 3325 540 3373 would
555 3325 678 3389 naturally
690 3326 745 3373 lead
757 3342 786 3374 us
836 3327 931 3374 ratione
956 3328 1081 3390 antiquior
1103 3327 1206 3376 cavendi
1229 3342 1303 3390 quam
1330 3327 1408 3376 ictum

212 3402 238 3439 to
250 3397 338 3452 expect
349 3392 374 3437 in
384 3389 427 3438 the
446 3389 494 3439 last
511 3406 526 3438 a
543 3391 663 3439 reference
680 3397 707 3439 to
724 3406 786 3439 com·
837 3391 956 3440 inferendi
967 3407 1025 3440 cura
1036 3400 1080 3441 est.
1115 3392 1149 3441 So
1167 3392 1200 3441 ad
1212 3394 1266 3442 Art.
1278 3393 1328 3441 xvi.
1343 3405 1381 3454 15,
1394 3405 1408 3452 3

207 3454 307 3520 positio,
330 3454 355 3502 in
377 3461 471 3518 respect
494 3455 523 3503 ol
541 3456 623 3504 which
644 3455 744 3504 Cassius
764 3457 786 3505 is
836 3456 898 3504 mihi
926 3456 1044 3506 videtur.
1067 3493 1072 3504 .
1094 3457 1226 3506 .deiectus
1253 3457 1285 3506 de
1313 3457 1409 3521 gradru

212 3519 331 3569 censured
347 3521 379 3582 by
392 3520 429 3567 M.
448 3519 557 3568 Seneca:
575 3521 719 3585 cp.21.17‚
736 3521 785 3570 and
837 3522 912 3571 Tusc.
926 3522 951 3570 ii.
967 3525 979 3579 §
993 3524 1024 3584 58
1037 3523 1067 3572 de
1082 3522 1212 3586 dignitatis
1227 3522 1307 3587 gradu
1323 3522 1409 3571 demo-

161 3583 164 3589 '
214 3586 301 3648 Quint.
322 3600 345 3633 x.
368 3597 390 3644 3,
412 3599 484 3648 9rcs
562 3585 637 3633 verbo
724 3601 786 3635 com·
837 3588 905 3637 veri:
922 3601 969 3649 pro
980 3588 1135 3649 Caec.§42.

208 3650 309 3715 positio,
328 3664 340 3697 2
361 3655 425 3710 5¹3»
448 3664 458 3696 1
483 3651 568 3708 5118.
603 3651 651 3700 But
670 3651 690 3700 it
708 3666 786 3700 seems
868 3665 905 3700 20.
923 3655 1041 3712 rixatur,
1054 3652 1084 3701 os
1094 3650 1409 3717 ‘brawling,'asopposed

215 3719 293 3764 better
304 3721 331 3763 to
343 3715 401 3764 take
411 3716 585 3779 incompositus
596 3717 621 3764 in
633 3715 676 3765 the
686 3716 786 3778 general
837 3722 864 3763 to
874 3715 991 3766 scientific
1002 3718 1116 3781 fighting.
1151 3718 1236 3781 Quint.
1248 3719 1274 3768 ii.
1289 3733 1327 3778 12,
1341 3733 1353 3767 2
1367 3719 1409 3783 qui

214 3795 283 3830 sense
300 3780 329 3829 oi
343 3779 517 3840 ‘disordered’
534 3781 559 3828 in
577 3781 659 3830 which
675 3782 695 3830 it
711 3783 732 3830 is
743 3798 785 3846 ap
836 3796 960 3832 armorum
972 3783 1063 3832 inscius
1079 3783 1105 3833 in
1121 3783 1200 3832 rixam
1212 3784 1278 3833 ruit:
1295 3784 1328 3833 vi.
1340 3799 1364 3847 4,
1377 3799 1409 3848 9:

213 3847 341 3911 propriate
357 3854 384 3895 to
400 3847 443 3896 the
459 3846 567 3909 military
588 3847 679 3910 figures
698 3847 723 3895 in
743 3847 785 3896 the
836 3846 868 3895 xi.
883 3861 904 3906 1,
919 3862 957 3910 29.

214 3918 328 3961 context:
348 3910 479 3961 elsewhere
496 3911 522 3959 in
539 3911 642 3961 Tacitus
658 3913 700 3961 the
716 3912 785 3960 word
871 3927 910 3962 22.
928 3918 1044 3962 eeteros.
1078 3912 1159 3963 There
1179 3913 1200 3962 is
1216 3929 1232 3962 a
1249 3913 1327 3978 slight
1342 3913 1409 3963 awk-

215 3977 236 4025 is
258 3975 319 4026 used
341 3976 400 4040 only
422 3976 452 4025 of
470 3976 513 4026 the
541 3977 684 4026 disordered
715 3993 785 4041 array
835 3979 959 4027 wardness
985 3978 1011 4027 in
1035 3985 1128 4040 ceteros,
1151 3980 1214 4028 aster
1234 3979 1410 4044 sequentibus:

215 4041 245 4091 ol
261 4058 292 4090 an
310 4058 386 4106 army,
408 4042 477 4091 Hist.
496 4041 523 4091 ii.
541 4055 582 4105 40,
602 4042 635 4100 6;
653 4042 687 4091 iii.
700 4045 740 4104 48,
755 4055 784 4103 35
836 4044 959 4093 Baehrens
969 4044 1095 4109 proposed
1105 4043 1234 4105 ‘cunctos,‘
1245 4045 1325 4094 Halm
1336 4042 1410 4094 ‘eos'

215 4107 248 4154 iv.
259 4121 299 4169 34,
312 4120 350 4168 19.
384 4107 483 4156 Cassius
494 4107 538 4155 did
548 4115 592 4156 not
603 4108 677 4156 know
688 4107 746 4156 how
758 4117 784 4157 to
870 4121 909 4170 23.
926 4106 1166 4170 sustinuit=irkr1,
1180 4109 1239 4158 ‘did
1255 4117 1298 4159 not
1309 4118 1410 4160 venture

215 4172 305 4220 handle
322 4172 361 4221 his
376 4187 511 4235 weapons:
528 4188 567 4235 cp.
584 4171 628 4222 the
643 4187 686 4221 nse
703 4172 731 4221 oi
744 4175 784 4221 in·
838 4173 880 4235 to,’
894 4173 986 4224 ‘could
998 4181 1043 4223 not
1060 4174 1131 4237 bring
1147 4174 1250 4224 himself
1263 4172 1306 4225 to'
1319 4193 1326 4224 r
1340 4175 1409 4224 Hist.

216 4236 400 4286 habilis-For
427 4252 500 4285 amu
525 4237 550 4285 in
574 4237 624 4287 this
648 4252 719 4287 sense
747 4254 786 4303 cp.
838 4239 908 4302 i.'37.
942 4239 1005 4288 This
1016 4254 1058 4289 use
1069 4239 1091 4288 is
1102 4240 1341 4302 commoninOrid,
1354 4240 1409 4290 also

218 4301 302 4363 Quint.
315 4317 338 4350 x.
354 4316 376 4362 1,
388 4315 419 4363 30
428 4318 435 4362 ;
452 4300 495 4350 xii.
508 4315 531 4364 5,
550 4314 573 4351 1.
605 4302 660 4351 The
677 4304 788 4366 military
838 4304 864 4351 in
876 4304 1022 4367 Quintilian.

216 4374 274 4414 tone
288 4367 317 4414 of
325 4367 367 4415 the
378 4382 481 4430 passage
493 4367 514 4414 is
525 4366 584 4430 kept
592 4383 626 4430 up
637 4367 663 4415 in
673 4368 702 4416 in
710 4369 787 4417 aciem
873 4371 911 4418 28.
929 4373 960 4418 in
971 4372 1117 4426 publicum
1130 4391 1152 4412 ι
1170 4369 1195 4419 in
1207 4371 1355 4432 universum,
1368 4373 1410 4420 ‘in

215 4431 338 4492 deducere,
349 4431 398 4480 and
409 4446 497 4495 men
502 4432 647 4496 producere,
658 4433 746 4482 below.
838 4432 955 4498 general!
989 4436 1036 4500 Cp.
1059 4437 1126 4485 Anu.
1144 4436 1196 4486 xiii.
1215 4437 1253 4500 56,
1271 4453 1288 4500 4
1305 4436 1367 4487 haec
1383 4438 1410 4486 in
