3046 5032
210 365 252 430 74
601 349 834 413 CORNELII
855 349 1016 413 TACITI

253 522 349 586 ‘Non
371 517 461 587 sum’
485 521 592 603 inquit
615 521 781 587 ‘offensus
797 521 882 605 Apri
904 520 1140 605 disputatione,
1163 541 1223 585 nec
1246 539 1330 584 nunc
1346 537 1408 582 vos

208 632 333 700 offendi
349 634 487 712 decebit,
497 635 524 697 si
539 634 620 717 quid
636 634 721 699 forte
735 655 828 698 aures
842 642 969 700 vestras
980 633 1189 717 perstringat,
1204 651 1281 696 cum
1296 631 1409 696 sciatis

209 743 294 809 hanc
325 767 397 811 esse
426 747 496 811 eius
527 746 618 811 modi
648 767 838 812 sermonum
869 746 987 831 legem,
1015 745 1174 810 iudicium
1201 744 1302 808 animi
1325 743 1408 808 citra

165 878 195 915 ιο
209 859 368 922 damnum
383 858 533 924 adfectus
548 855 711 941 proferre?

253 970 397 1053 ‘Perge’
420 972 526 1054 inquit
550 971 722 1037 Maternus
745 976 796 1035 ‘et
818 991 894 1035 cum
916 971 960 1035 de
974 969 1118 1052 antiquis
1142 967 1295 1052 loquaris,
1316 976 1409 1032 utere

210 1084 346 1167 antiqua
377 1082 538 1158 libertate,
569 1105 589 1148 a
619 1105 686 1167 qua
715 1083 768 1148 vel
798 1084 904 1165 magis
936 1081 1204 1166 degeneravimus
1233 1099 1334 1164 quam
1364 1080 1409 1142 ab

210 1194 415 1277 eloquentia’
538 1192 541 1197 ’

254 1311 317 1376 28.
342 1308 388 1370 Et
411 1307 588 1372 Messalla:
610 1308 707 1373 ‘Non
728 1308 923 1384 reconditas,
941 1307 1102 1383 Materne,
1125 1326 1240 1371 causas
1262 1303 1409 1388 requiris,

211 1439 271 1484 nec
286 1428 344 1483 aut
359 1420 419 1484 tibi
443 1420 506 1502 ipsi
527 1432 585 1485 aut
608 1420 684 1486 huic
703 1420 855 1485 Secundo
874 1419 928 1483 vel
948 1419 1025 1483 huic
1040 1418 1137 1503 Apro
1153 1419 1292 1502 ignotas,
1307 1416 1409 1480 etiam

210 1533 238 1594 si
256 1531 336 1594 mihi
351 1541 463 1614 partes
478 1533 660 1614 adsignatis
675 1531 861 1615 proferendi
878 1532 910 1594 in
930 1531 1075 1595 medium
1097 1550 1183 1613 quae
1203 1549 1319 1594 omnes
1334 1548 1409 1591 sen·

211 1642 320 1705 timus.
367 1642 451 1726 Quis
467 1644 554 1707 enim
571 1645 700 1728 ignorat
715 1653 749 1708 et
765 1642 987 1726 eloquentiam
1004 1653 1037 1706 et
1060 1652 1186 1707 ceteras
1202 1651 1289 1706 artes
1303 1639 1410 1704 desci-

184 1753 297 1836 5visse
323 1754 366 1818 ab
394 1755 448 1819 illa
472 1765 583 1819 vetere
613 1753 718 1839 gloria
748 1775 813 1819 non
844 1755 956 1838 inopia
985 1755 1167 1831 hominum,
1194 1753 1253 1818 sed
1283 1751 1410 1817 desidia

246 1915 268 1968 7.
286 1906 356 1969 Apri
372 1906 476 1969 Vahlen,
494 1924 511 1956 a
522 1908 612 1971 prima
629 1908 711 1966 codd„
724 1908 794 1973 Apri
803 1909 854 1957 mei
868 1906 1053 1957 Schnrzfleisch.
1102 1922 1146 1956 nec
1162 1922 1231 1955 nunc
1248 1907 1271 1955 is
1282 1921 1325 1969 my
1335 1902 1411 1967 conj,

212 1986 272 2019 nans
289 1987 332 2019 uec
345 1972 457 2036 Ev,cn‚
475 1989 536 2022 nam
552 1979 577 2023 et
593 1974 703 2033 ABDH,
721 1990 764 2022 nec
780 1974 834 2022 Put.
852 1973 900 2021 and
918 1973 1007 2033 Halm,
1019 1973 1077 2023 who
1089 1971 1143 2021 also
1160 1987 1280 2037 proposes
1297 1985 1341 2020 nec
1357 1970 1411 2018 iam

212 2036 351 2098 (Andresen
362 2054 405 2087 uec
416 2037 491 2099 eirea).
636 2041 659 2089 8.
671 2039 829 2104 perstringat
839 2038 894 2100 AB,
901 2039 1054 2103 perstringit
1064 2037 1225 2098 EV2CAHb,
1231 2036 1367 2101 perstrigit
1376 2036 1411 2086 D.

214 2113 250 2150 11.
269 2107 359 2151 etcum
380 2103 483 2162 ΕΜΔ
497 2103 557 2167 (om.
576 2104 669 2169 HSp.),
681 2120 738 2152 cum
749 2105 829 2153 ABD.
930 2117 968 2153 rr.
986 2120 1002 2152 a
1013 2119 1064 2168 qua
1075 2107 1093 2152 b
1105 2103 1155 2152 and
1165 2102 1230 2162 edd,
1242 2117 1293 2167 qua
1303 2100 1377 2151 codd.

245 2169 289 2213 28.
317 2179 338 2215 1.
362 2168 400 2215 Et
421 2167 588 2231 EV2CADH,
611 2171 664 2230 Qui
684 2170 739 2230 AB,
762 2171 828 2218 Tum
851 2169 872 2217 B
894 2186 964 2229 corr,
992 2169 1043 2219 Cue'
1067 2169 1164 2219 Halm:
1192 2168 1300 2231 perhaps
1317 2169 1411 2231 Atque.

213 2245 236 2292 5.
253 2229 385 2279 homiuum
403 2233 485 2292 codd,
497 2234 620 2283 honorum
640 2234 770 2292 Baehrens,
781 2235 956 2299 praemiroum
977 2234 1131 2296 Helmreich‚
1148 2233 1308 2298 ingeniorum
1319 2231 1409 2296 Jacob,

211 2301 327 2359 aptorum
344 2297 476 2346 hominum
487 2298 588 2349 Novak.

246 2438 268 2491 7.
286 2444 339 2478 nee
351 2444 434 2491 nune,
449 2430 511 2479 ‘and
526 2447 561 2480 no
578 2448 647 2482 more
658 2439 726 2482 must
736 2449 786 2496 you
836 2434 883 2482 loss
893 2432 970 2497 oftlu
981 2433 1023 2482 old
1032 2431 1119 2496 syste'm
1131 2431 1161 2495 of
1167 2431 1236 2482 hom
1248 2431 1368 2494 training
1382 2431 1413 2480 in

214 2492 287 2551 now,'
301 2497 347 2543 &c.
383 2495 430 2558 Cp.
443 2497 510 2546 Ann.
528 2497 561 2546 xi.
581 2498 705 2560 3o,6nec
721 2513 787 2547 nunc
837 2499 908 2561 early
930 2499 1020 2562 youth,
1046 2499 1101 2546 and
1125 2496 1166 2547 the
1193 2497 1355 2545 substitution
1387 2495 1419 2560 of

213 2559 336 2608 adulteria
348 2560 503 2610 obiecturum
513 2563 557 2612 ait.
838 2564 993 2613 mechanicel
1013 2563 1113 2613 routiue
1127 2563 1176 2626 sor
1193 2563 1299 2625 general
1312 2562 1413 2610 culture

247 2625 269 2673 8.
287 2630 469 2686 perstringat,
499 2629 528 2676 of
557 2629 697 2692 something
731 2627 787 2679 that
840 2630 1037 2692 (ohs.28-32);
1054 2629 1115 2688 and,
1132 2628 1200 2692 after
1214 2643 1231 2675 a
1246 2627 1316 2675 short
1332 2627 1412 2676 inter·

213 2697 295 2753 grates
307 2707 374 2755 upon
384 2693 426 2741 the
434 2708 482 2742 ear.
516 2692 643 2758 Similarly
652 2696 717 2743 Hor.
727 2694 786 2745 Car.
837 2695 948 2758 ruption,
968 2693 1006 2758 (a)
1019 2694 1059 2743 the
1070 2693 1219 2757 usurpation
1231 2692 1261 2754 by
1272 2692 1312 2740 uu
1323 2692 1413 2740 schools

214 2755 387 2818 ii.1,171am
403 2774 468 2808 nunc
485 2760 575 2808 minaci
592 2775 715 2809 murmure
731 2774 785 2809 cor·
837 2760 868 2822 os
886 2760 992 2808 rhetoric
1015 2759 1046 2824 of
1064 2758 1104 2807 the
1124 2765 1189 2821 part
1209 2757 1266 2806 teat
1288 2757 1342 2805 had
1354 2757 1413 2806 been

214 2836 290 2869 nuum
302 2822 448 2886 Perstringis
459 2840 537 2883 aures,
552 2823 684 2874 ‘deafen':
702 2823 789 2873 andin
834 2825 929 2887 played
949 2826 977 2872 in
986 2824 1089 2889 former
1102 2824 1163 2885 days
1183 2824 1213 2885 by
1228 2822 1416 2885 distinguished

214 2887 302 2935 Cicero
322 2887 371 2951 (for
391 2895 417 2936 to
437 2889 538 2950 ‘chafe,'
561 2888 664 2954 ‘graze,'
681 2889 789 2938 ‘wound
840 2889 933 2937 leaders
949 2888 980 2953 of
990 2891 1030 2938 the
1047 2890 1101 2948 bar,
1118 2896 1143 2937 to
1162 2889 1243 2936 rohom
1266 2886 1307 2936 the
1324 2902 1416 2951 young

215 2951 319 3016 slightly
328 2952 355 3014 ¹),
367 2970 413 3017 pro
424 2953 486 3005 Sest.
506 2960 518 3014 ς
535 2969 564 3018 14
581 2963 608 3005 ut
625 2971 668 3005 eos
684 2970 789 3019 quorum
839 2956 956 3018 aspe'rant
971 2971 1024 3003 was
1041 2955 1069 3003 in
1086 2955 1127 3003 tlre
1143 2953 1213 3002 habit
1235 2952 1266 3018 os
1283 2952 1416 3015 attaching

214 3017 313 3066 sceleris
330 3019 411 3067 lurore
426 3019 533 3070 violatus
545 3036 624 3071 essem
634 3021 703 3070 vocis
716 3021 788 3069 liber·
839 3019 945 3084 hintsels
951 3023 1018 3082 (ohs.
1032 3021 1141 3080 38-35).

215 3089 266 3131 tate
277 3085 476 3148 perstringerem.
872 3089 956 3135 28.1.
990 3089 1029 3134 Et
1045 3087 1186 3133 Messalla.
1221 3084 1272 3132 For
1284 3082 1326 3132 the
1337 3097 1413 3146 open·

248 3162 271 3211 9.
289 3152 360 3198 eitra
372 3154 505 3199 damnum
517 3154 654 3210 adfectus,
668 3151 789 3201 ‘without
839 3151 891 3213 ing,
908 3166 946 3213 cp.
960 3150 1014 3199 Cic.
1027 3151 1058 3199 de
1069 3151 1111 3200 Or.
1128 3150 1163 3198 iii.
1176 3151 1207 3212 48
1225 3148 1292 3197 Tum
1309 3148 1412 3197 Crassus

215 3227 264 3274 any
275 3212 327 3261 loss
339 3214 368 3261 of
376 3215 522 3278 good-will)
555 3217 675 3280 Adfectus
689 3216 747 3265 here
762 3239 784 3256 =
842 3216 1016 3280 ‘pervulgatus
1032 3231 1069 3264 res
1084 3213 1202 3279 requiris'
1217 3214 1297 3278 inquit
1309 3221 1349 3263 ‘et
1365 3213 1412 3262 tibi

216 3277 403 3342 good-feeling:
429 3296 468 3343 cp.
486 3283 550 3330 Ann.
569 3283 617 3329 xiv.
637 3294 675 3344 η,
695 3294 723 3329 12
737 3282 789 3330 sine
839 3296 888 3328 non
906 3282 1053 3344 incognitas.
1088 3281 1150 3343 Quis
1166 3279 1248 3338 enim,'
1266 3283 1329 3329 &c.:
1349 3279 1410 3328 ib.1

216 3342 355 3392 adfectibus
382 3346 472 3394 mutuis
500 3347 596 3408 (=sine
618 3362 737 3395 consensu
764 3355 789 3396 et
841 3351 930 3410 §137:
948 3347 980 3395 de
992 3347 1053 3410 Rep.
1068 3360 1078 3394 1
1094 3351 1106 3404 5
1121 3357 1160 3408 70.

216 3407 346 3469 caritate):
376 3409 437 3472 Agr.
457 3411 533 3460 xxxii.
554 3414 569 3460 8
587 3412 635 3460 fide
651 3418 676 3461 et
693 3412 790 3460 adfectu
874 3425 895 3460 a.
913 3417 978 3461 aut.
992 3448 998 3460 .
1011 3448 1017 3459 .
1030 3416 1132 3461 out...
1145 3415 1201 3460 vel.
1227 3411 1257 3459 In
1266 3410 1309 3460 the
1318 3408 1413 3458 similar

216 3473 300 3520 teneri.
341 3473 441 3522 Similar
462 3477 580 3538 genitives
609 3477 676 3525 often
704 3477 790 3524 follow
840 3492 947 3540 passage
959 3479 996 3526 16.
1007 3491 1031 3541 9,
1041 3477 1128 3536 above,
1137 3492 1174 3525 we
1182 3477 1245 3525 have
1255 3480 1414 3524 aut...aut

215 3537 339 3586 Mutuum
362 3540 388 3587 in
409 3540 524 3591 Tacitus:
554 3543 618 3592 Anu.
638 3542 674 3591 iii.
694 3543 733 3606 58,
760 3555 787 3588 11
843 3577 862 3590 ..
877 3549 945 3591 ,aut
978 3541 1034 3590 The
1053 3557 1096 3590 use
1116 3542 1146 3590 of
1159 3542 1201 3590 vel
1218 3541 1275 3590 here
1294 3545 1362 3589 must
1381 3540 1414 3590 be

216 3602 286 3650 nullo
334 3619 459 3653 sacrorum
504 3607 604 3656 damno.
663 3607 790 3656 Andreseu
841 3607 958 3657 intended
969 3615 996 3656 to
1005 3607 1114 3657 indicate
1125 3607 1328 3656 subordination:
1346 3609 1354 3634 ⁴
1361 3604 1412 3655 uei·

216 3668 486 3732 takesadscctusasan
498 3672 789 3736 explanatorygenitive:
841 3673 895 3721 ther
917 3679 945 3720 to
967 3688 1025 3734 you,
1048 3688 1080 3720 on
1101 3672 1143 3721 the
1163 3688 1210 3721 one
1228 3671 1301 3729 haud,
1322 3685 1369 3719 nor
1385 3677 1413 3719 to

216 3732 274 3782 ‘the
297 3733 474 3799 disadvantage
503 3738 619 3786 involved
647 3739 672 3786 in
693 3736 790 3787 excited
840 3737 920 3788 either
932 3739 960 3786 of
975 3753 1020 3786 our
1036 3738 1135 3797 friends,
1148 3753 1181 3785 on
1199 3737 1241 3786 the
1258 3735 1344 3785 other!
1378 3735 1412 3784 So

217 3797 411 3861 feeling.'-For
422 3801 472 3850 this
489 3818 532 3851 use
553 3803 582 3851 of
595 3806 667 3853 eitra
679 3802 788 3865 (=sine)
839 3805 905 3852 Arm.
921 3804 970 3852 xiv.
982 3817 1005 3864 3,
1020 3818 1032 3851 a
1049 3803 1076 3851 in
1089 3804 1174 3851 hortos
1187 3811 1229 3851 aut
1243 3800 1413 3851 Tusculanum

216 3878 256 3928 cp.
280 3867 319 3912 41.
340 3879 368 3928 25
385 3866 448 3916 citra
465 3868 686 3919 obtrectationem:
704 3868 789 3931 Agric.
839 3868 879 3918 vel
897 3869 1025 3917 Antiatem
1042 3869 1068 3916 in
1084 3883 1187 3932 agrum:
1206 3868 1239 3916 ib.
1252 3883 1292 3930 49,
1312 3882 1343 3930 14
1362 3882 1413 3914 non

216 3945 288 3979 xxxv.
317 3929 332 3978 6
361 3932 423 3979 citra
451 3933 594 3982 Romanum
628 3935 789 3999 sangninem:
840 3932 1413 3983 ideoautcousules...Thrasea...ceterive

218 3995 301 4043 Germ.
313 3997 391 4045 xvi.8
410 3997 472 4046 citra
488 4000 598 4062 speciem
618 4007 661 4048 aut
681 3999 789 4049 delecta·
841 3999 934 4060 (where
955 3999 1067 4048 Thrasea
1086 3999 1132 4048 has
1153 3999 1249 4048 carried
1267 3998 1309 4048 the
1328 4003 1413 4046 senate

216 4059 318 4108 tionem.
352 4062 386 4110 So
404 4063 450 4112 Ov.
469 4064 546 4113 Trist.
564 4081 587 4113 v.
600 4066 623 4124 8,
641 4079 671 4126 23
689 4063 790 4128 peccavi
840 4064 901 4113 with
914 4064 966 4112 him
979 4065 1076 4127 against
1088 4065 1130 4113 the
1141 4063 1247 4126 consul).

216 4125 277 4174 citra
294 4125 372 4175 scelus
386 4127 406 4190 (‘
414 4128 483 4177 short
503 4128 571 4191 of‘):
589 4130 653 4179 Plin.
667 4130 714 4194 Ep.
727 4131 752 4179 ii.
767 4142 790 4190 1,
875 4143 897 4189 5.
915 4133 1012 4186 inopia
1028 4133 1184 4178 nominum.
1218 4129 1243 4177 It
1262 4144 1343 4178 seems
1358 4127 1413 4176 best

215 4205 232 4252 4
249 4191 312 4240 citra
330 4192 442 4242 dolorem
459 4202 556 4245 tamen:
580 4196 664 4244 Lucan
681 4196 714 4243 iv.
727 4197 791 4258 7283
841 4200 869 4242 to
878 4194 942 4258 keep
951 4201 979 4243 to
988 4196 1030 4243 the
1039 4195 1140 4257 reading
1147 4194 1176 4243 of
1184 4195 1227 4243 the
1237 4194 1309 4244 Mss.
1320 4211 1326 4244 :
1344 4193 1413 4244 there

216 4254 266 4304 aud
292 4257 432 4322 frequently
454 4259 480 4307 in
504 4260 651 4322 Quintilian,
669 4277 692 4310 x.
716 4274 738 4321 1,
762 4274 791 4320 23
841 4260 863 4308 is
880 4275 914 4308 no
931 4259 989 4308 lack
1007 4260 1036 4308 of
1050 4260 1157 4308 snitable
1171 4275 1281 4323 persons,
1293 4260 1339 4309 but
1350 4258 1414 4308 their

218 4330 231 4383 7
245 4324 257 4378 ξ
272 4330 285 4383 7
296 4338 302 4380 ;
319 4323 362 4370 xii.
375 4321 399 4381 6,
411 4339 433 4384 4.
839 4325 947 4373 abilities
958 4340 999 4373 are
1010 4333 1056 4374 not
1066 4326 1153 4375 turned
1163 4332 1190 4374 to
1198 4341 1288 4389 proper
1299 4329 1413 4374 account.

249 4389 313 4434 Ghs.
342 4391 440 4436 28-35.
491 4387 580 4438 Seeck
606 4389 638 4453 of
659 4389 787 4450 Messalla,
840 4388 1342 4454 So‘inopiaadvocatorum,’Ann.xi.7,
1357 4403 1413 4449 3.-

215 4396 642 4518 trace'ngtliedeclineoszloqueuce
657 4462 681 4504 to
699 4455 736 4520 (1)
749 4455 790 4504 the
840 4456 967 4505 Audreseu
994 4456 1066 4506 takes
1093 4456 1208 4520 ‘inopia'
1238 4455 1268 4504 of
1291 4462 1359 4504 want
1387 4452 1418 4503 of
