3046 5032
200 359 244 427 52
594 343 827 415 CORNELII
849 341 1009 406 TACITI

157 517 378 600 nequisquam
396 515 535 581 adsistat
550 515 631 598 quin
646 515 818 579 elementis
841 515 1037 589 studiorum,
1052 511 1115 578 etsi
1130 530 1198 575 non
1215 510 1402 588 instructus,

201 640 236 694 at
259 639 348 694 certe
372 629 519 692 imbutus
541 628 595 706 sit,
620 628 713 691 novis
742 637 775 691 et
805 627 979 709 exquisitis
1003 625 1210 708 eloquentiae
1232 624 1402 688 itineribus

201 763 285 826 opus
300 750 361 819 est,
382 762 440 823 per
455 759 540 822 quae
555 748 667 803 orator
681 739 849 803 fastidium
867 738 996 803 aurium
1018 737 1165 818 effugiat,
1181 736 1296 819 utique
1310 735 1401 816 apud

201 875 258 917 eos
280 853 404 917 iudices
425 852 529 935 quivi
551 859 585 914 et
608 861 784 935 potestate,
800 871 867 915 non
891 851 960 913 iure
974 859 1032 913 aut
1048 849 1177 932 legibus
1191 858 1403 931 cognoscunt,

203 985 264 1030 nec
281 956 445 1047 accipiunt
460 973 612 1046 tempora
625 964 684 1027 sed
700 964 914 1039 constituunt,
926 982 986 1024 nec
1000 961 1261 1043 exspectandum
1276 959 1403 1022 habent

158 1101 188 1148 25
202 1087 367 1143 oratorem
385 1077 465 1140 dum
485 1075 533 1138 illi
548 1075 650 1140 libeat
667 1076 710 1139 de
725 1075 798 1158 ipso
821 1075 956 1157 negotio
979 1074 1097 1150 dicere,
1112 1074 1170 1136 sed
1193 1093 1292 1154 saepe
1314 1070 1403 1136 ultro

202 1191 383 1253 admonent
408 1197 510 1270 atque
534 1187 600 1252 alio
623 1188 922 1269 transgredientem
945 1195 1101 1251 revocant
1126 1195 1161 1250 et
1187 1184 1342 1248 festinare
1367 1203 1404 1245 se

203 1309 376 1366 testantur.

247 1417 313 1483 20.
336 1411 421 1494 Quis
443 1430 531 1474 nunc
548 1410 630 1475 feret
651 1420 817 1475 oratorem
840 1410 882 1473 de
902 1408 1092 1474 infirmitate
1107 1407 1305 1475 valetudinis
1323 1426 1404 1470 suae

204 1525 416 1610 praefantem,
431 1523 540 1605 qualia
554 1532 632 1587 sunt
647 1521 714 1586 fere
729 1523 889 1606 principia
906 1520 1064 1586 Corvini?
1110 1521 1195 1604 Quis
1209 1522 1355 1603 quinque
1372 1520 1405 1581 in

239 1699 276 1733 20.
289 1685 353 1750 quin
365 1684 483 1743 Muretus,
493 1684 541 1748 qui
550 1683 622 1733 codd.
646 1684 693 1732 etsi
703 1682 784 1740 codd,
792 1683 817 1730 si
825 1683 961 1732 Acidalius.
1029 1697 1067 1745 23.
1079 1690 1126 1732 aut
1134 1683 1187 1740 ΑΒ,
1195 1689 1219 1731 et
1230 1680 1404 1742 Ev,ca1)}1:

205 1750 258 1817 (see
269 1751 363 1799 Introd.
376 1767 401 1814 p.
413 1750 477 1813 lvii).
545 1764 584 1813 24.
601 1749 789 1813 exspectandum
801 1748 942 1808 EV2CAH,
953 1750 1099 1811 expectando
1110 1751 1145 1810 D,
1156 1754 1321 1813 expectantem
1332 1746 1386 1794 Ala

239 1924 278 1959 ao.
294 1907 778 1969 etsinon...atcerte‚asAnuxii.
829 1906 912 1955 which
929 1906 999 1956 there
1014 1907 1036 1956 is
1050 1922 1084 1955 no
1100 1905 1199 1971 appeal.
1232 1905 1359 1969 Compare
1371 1921 1405 1954 ou

207 1988 305 2037 3q,15.
338 1975 410 2023 More
430 1974 572 2036 commonly
589 1974 614 2022 si
631 1979 779 2022 non...at
829 1973 871 2022 the
891 1971 961 2020 other
980 1972 1046 2020 haud
1065 1974 1105 2022 88.
1124 1983 1138 2035 7
1155 1972 1405 2034 Pompeius...im·

205 2046 273 2100 certe,
287 2041 370 2088 Germ.
391 2040 476 2088 xxxiii.
495 2041 526 2088 8:
553 2040 619 2089 Hist.
632 2040 664 2088 iv.
678 2041 718 2100 58,
731 2036 777 2100 36:
829 2039 912 2101 posuit
931 2038 1012 2086 frenos
1032 2037 1195 2102 eloquentiae,
1215 2039 1250 2085 ita
1271 2045 1355 2085 tamen
1377 2045 1406 2084 ut

206 2105 291 2168 Quint.
303 2104 342 2153 Pr.
358 2110 370 2163 ξ
385 2118 413 2152 a:
432 2106 473 2152 xii.
487 2117 525 2159 11,
539 2119 577 2165 3¹·
830 2104 915 2152 omnia
925 2103 950 2151 in
958 2104 1020 2162 foro,
1031 2105 1115 2152 omnia
1125 2103 1230 2168 legibus,
1240 2104 1326 2151 omnia
1337 2103 1406 2166 apud

240 2183 278 2219 21.
295 2173 422 2218 imbutus
434 2187 440 2217 ι
456 2185 484 2218 as
496 2186 532 2219 we
546 2170 623 2234 spealr
635 2169 687 2218 ofa
699 2169 778 2218 ‘tinc·
830 2175 955 2232 praetores
966 2176 1113 2233 gererentur.

205 2233 315 2285 ture'of
322 2235 442 2297 learning.
476 2234 531 2283 The
545 2235 779 2299 oppositiontoin·
862 2239 1042 2292 cognoscunt.
1076 2235 1127 2283 For
1141 2233 1192 2282 this
1206 2249 1256 2291 nse,
1269 2248 1307 2296 ep.
1320 2234 1361 2282 41.
1375 2234 1405 2283 18

206 2302 310 2350 stitutus
322 2303 342 2361 (‘
352 2299 414 2363 fully
425 2299 550 2363 equipped
558 2298 577 2358 ')
589 2300 698 2348 reminds
713 2315 742 2348 us
753 2298 782 2347 of
830 2298 962 2348 elementia
981 2300 1168 2363 cognoscentis:
1195 2298 1262 2347 Hist.
1275 2299 1308 2347 iv.
1320 2313 1360 2360 42,
1374 2309 1404 2361 7:

205 2367 248 2415 the
259 2364 434 2429 etymological
445 2365 561 2428 meaning
571 2365 600 2413 of
609 2365 725 2425 imbuere,
735 2369 742 2392 ‘
752 2372 780 2414 to
830 2366 897 2413 Ann.
908 2366 960 2413 xiii.
973 2378 1013 2427 32,
1024 2380 1055 2429 9:
1073 2364 1122 2413 and
1137 2365 1274 2428 frequently
1284 2364 1312 2412 in
1327 2364 1405 2427 Quin·

206 2431 323 2480 maleto
340 2430 412 2478 drink
429 2429 468 2479 for
484 2430 526 2479 the
543 2430 595 2479 first
611 2428 689 2490 time,'
703 2430 780 2480 hence
829 2430 908 2479 tilian.

208 2494 415 2559 ‘stain,'‘tinge.’
443 2495 490 2545 See
500 2495 610 2544 wilkins
621 2511 654 2544 on
666 2497 697 2546 de
709 2496 778 2545 Orat
865 2499 1142 2554 reexspectandum
1158 2498 1272 2545 habent.
1305 2493 1352 2544 See
1371 2511 1405 2544 ou

206 2559 319 2620 ii.§162
338 2560 423 2624 aliquo
442 2561 492 2608 iam
512 2561 622 2610 imbutus
640 2576 702 2611 usu:
725 2561 778 2611 Cic.
831 2563 907 2611 8.11.

205 2627 270 2676 Phil.
287 2643 311 2676 v.
330 2638 352 2690 7,
372 2640 403 2673 ao
422 2642 478 2674 cnm
498 2627 573 2675 semel
592 2626 705 2690 gladium
725 2642 779 2675 san·
865 2629 997 2688 25.u1tr0
1024 2629 1185 2676 admonent.
1230 2625 1277 2690 Cp
1308 2626 1347 2676 89.
1374 2639 1405 2674 10

205 2694 280 2756 guine
296 2692 439 2741 imbuisset:
466 2691 569 2741 Tusci
585 2706 616 2754 14
635 2709 666 2741 an
683 2700 710 2741 tu
727 2692 779 2740 dia·
830 2692 890 2755 quia
926 2708 999 2756 saepe
1031 2694 1166 2756 interrogat
1199 2691 1271 2740 iudex
1303 2692 1405 2756 quando

204 2758 299 2807 lecticis
310 2773 341 2806 ne
351 2758 461 2806 imbutus
472 2757 572 2821 quidem
587 2760 629 2806 esl
663 2758 711 2821 Cp.
722 2757 779 2806 Sen.
830 2757 940 2819 incipias.

206 2824 275 2872 Dial.
293 2823 335 2872 xii.
355 2835 392 2885 17,
411 2837 428 2884 4
447 2823 549 2872 Utinam
562 2860 568 2872 .
581 2859 587 2872 .
600 2860 606 2872 .
619 2823 735 2872 voluisset
755 2829 779 2872 te
865 2822 902 2871 26.
920 2825 1043 2872 festinat.
1077 2822 1162 2885 Quint
1174 2823 1207 2873 iv.
1220 2837 1242 2886 5,
1258 2836 1289 2872 10
1305 2823 1404 2872 festinat

206 2890 342 2952 praeceptis
353 2888 488 2952 sapientiae
503 2888 594 2937 erudiri
610 2890 779 2952 potiusquam
830 2887 896 2937 enim
907 2888 980 2936 iudex
991 2890 1023 2937 ad
1035 2889 1061 2936 id
1069 2889 1137 2952 quod
1148 2888 1346 2952 potentissimum
1357 2896 1403 2947 est,

206 2953 299 3003 imbui:
316 2954 401 3016 Quint.
413 2953 429 3000 i.
444 2966 466 3013 a,
481 2952 510 3002 16
523 2953 609 3002 litteris
620 2953 707 3003 saltem
719 2954 779 3003 levi·
829 2961 855 3003 et
865 2953 933 3002 velut
944 2953 1084 3017 obligatum
1095 2956 1217 3017 promisso
1231 2962 1369 3017 patronum,
1382 2955 1405 3002 si

205 3027 242 3068 ter
253 3019 368 3067 imbutus.
402 3019 448 3082 Cp.
463 3035 495 3067 on
508 3022 530 3067 2.
545 3032 575 3080 14
586 3019 672 3068 above.
829 3027 866 3067 est
889 3019 1029 3082 patientior,
1052 3020 1142 3069 tacitus
1165 3019 1292 3084 appellat3
1320 3019 1341 3066 si
1363 3019 1405 3067 vel

238 3087 320 3133 novis
333 3091 361 3132 et
373 3087 532 3141 exquisitis.
555 3085 601 3148 Cp.
613 3092 694 3134 vetere
705 3091 779 3148 atque
829 3091 966 3147 occupatus
986 3085 1026 3134 vel
1054 3087 1079 3132 in
1107 3085 1193 3148 aliqua
1216 3090 1341 3148 potestate
1363 3084 1404 3133 vel

206 3149 300 3198 directa
318 3149 415 3198 dicendi
438 3151 487 3208 via,
505 3149 592 3198 above.
625 3150 780 3214 Exquisitus
829 3150 904 3199 etiam
921 3150 956 3198 sie
973 3151 1084 3199 moribus
1100 3149 1260 3215 compositus,
1273 3164 1329 3198 cum
1346 3164 1405 3198 con·

205 3214 323 3279 properly
334 3230 419 3263 means
432 3215 537 3277 ‘sought
554 3222 598 3263 ont
612 3215 673 3263 with
688 3214 760 3264 eare'
773 3232 779 3263 ε
829 3216 895 3264 vicio
907 3213 1031 3279 efflagitat.

206 3278 577 3328 sosometimes‘far-fetehed.'
611 3281 679 3328 Here
695 3281 779 3330 itcor·
863 3284 908 3329 20.
927 3294 948 3329 r.
968 3283 1092 3330 Corvini
1138 3280 1275 3344 Quintilian
1297 3279 1368 3329 takes
1387 3295 1404 3329 a

206 3344 327 3408 responds
346 3351 373 3392 to
401 3344 443 3393 the
466 3345 505 3392 Fr.
530 3344 690 3394 ‘recherche’
714 3345 779 3393 ‘dis-
829 3344 944 3395 different
960 3347 1030 3407 view,
1044 3346 1078 3395 iv.
1092 3359 1113 3406 1,
1126 3347 1157 3395 8:
1183 3347 1305 3410 quaedam
1322 3346 1348 3394 in
1364 3345 1405 3394 his

206 3409 322 3472 tingue':
339 3425 378 3473 cp.
391 3409 443 3458 Cic.
459 3411 527 3458 Brut.
547 3415 559 3467 5
579 3411 625 3470 283
642 3410 780 3460 accuratius
846 3426 927 3475 noque
949 3411 1131 3460 commendatio
1154 3413 1237 3470 tacita,
1259 3412 1280 3460 si
1302 3425 1349 3459 nos
1367 3410 1404 3458 in·

207 3474 333 3539 quoddam
353 3475 451 3522 dicendi
471 3485 495 3523 et
517 3476 661 3537 exquisitius
684 3491 777 3539 genus:
829 3426 922 3532 hrmos,
931 3477 1073 3540 imparatos,
1087 3477 1193 3540 impares
1205 3477 1331 3540 agentium
1344 3491 1404 3525 con·
1494 3533 1499 3543 Ι

206 3540 239 3588 ib.
262 3544 274 3597 ξ
293 3553 338 3600 321
358 3539 501 3602 exquisitius
517 3547 541 3588 et
561 3541 662 3590 minime
677 3541 779 3605 vulgare
830 3548 868 3590 tra
882 3542 987 3605 ingeniis
998 3541 1142 3601 dixerimus,
1153 3543 1238 3605 qualia
1254 3549 1310 3591 sunt
1321 3541 1403 3605 plera-

206 3604 325 3653 oratiouis
341 3620 426 3668 genus.
469 3606 516 3668 Cp.
534 3612 577 3653 too
591 3605 633 3655 the
650 3607 779 3655 antithesis
829 3623 876 3671 que
894 3606 1027 3656 Messallae
1042 3608 1176 3671 prooemia.
1212 3608 1256 3656 Est
1276 3607 1343 3655 enim
1360 3622 1404 3654 na-

206 3671 315 3719 between
326 3686 404 3718 sermo
415 3677 495 3718 rectus
509 3670 558 3718 and
573 3671 674 3734 deflexa.
691 3672 777 3736 exqui·
828 3672 914 3721 turalis
920 3673 989 3721 favor
997 3688 1044 3736 pro
1051 3673 1229 3732 laborantibus,
1235 3671 1404 3722 sca-Before

207 3736 306 3796 sibura,
318 3735 403 3797 Quint.
417 3735 441 3783 ii.
456 3749 530 3798 5,11.
820 3737 880 3801 scre
907 3738 1105 3802 (=plerumque)
1128 3738 1260 3786 Gudeman
1287 3752 1403 3786 unneces·

241 3814 279 3849 22.
297 3816 348 3857 per
364 3816 442 3858 quae.
477 3802 561 3864 Quint.
579 3818 603 3851 x.
619 3815 641 3863 1,
657 3812 687 3866 37
705 3803 731 3850 in
748 3802 779 3852 iis
829 3803 903 3865 sarily
914 3818 1032 3867 proposes
1043 3810 1070 3852 to
1080 3802 1153 3852 insert
1164 3803 1264 3852 omnia:
1282 3819 1322 3866 cp.
1334 3805 1373 3852 81.
1388 3813 1402 3866 7

206 3881 251 3930 per
261 3881 324 3929 quae
335 3881 424 3916 nomen
436 3873 473 3915 est
483 3867 620 3916 adsecutus.
829 3867 853 3916 in
862 3867 960 3918 iudiciis
966 3869 1017 3918 fere
1025 3868 1056 3917 de
1065 3869 1188 3934 aequitate
1249 3868 1403 3919 disserimus:

240 3935 387 3980 fastidium
405 3935 523 3981 aurium.
557 3932 638 3982 There
652 3932 674 3982 is
685 3948 700 3980 a
711 3932 777 3981 simi·
828 3935 868 3983 39.
881 3932 903 3982 6.

206 3996 245 4045 lar
256 3997 353 4046 ‘mixed
370 3996 514 4061 metaphor'
529 3997 554 4045 in
569 3998 623 4048 Cic.
640 3998 671 4048 de
684 3999 728 4048 Or.
742 3999 778 4048 iii.
861 4002 987 4057 quinque
1000 4002 1032 4047 in
1042 4002 1159 4048 Verrem
1175 4002 1281 4048 libros:
1298 3999 1346 4048 i.e.
1359 3998 1404 4048 the

209 4067 282 4126 §192
300 4063 396 4112 aurium
413 4063 542 4112 satietate:
563 4078 602 4127 cp.
619 4066 642 4114 9.
658 4062 674 4111 6
690 4064 777 4123 above,
829 4062 877 4112 five
888 4072 955 4128 parts
966 4064 994 4114 of
1002 4065 1044 4113 the
1054 4065 1128 4114 Actio
1138 4065 1259 4114 Secunda.
1293 4064 1403 4128 Though

207 4143 276 4176 aures
287 4135 409 4191 respuant.
829 4129 887 4192 they
903 4145 967 4179 were
985 4145 1059 4179 never
1076 4130 1154 4195 really
1170 4130 1302 4185 delivered,
1313 4129 1403 4179 Verres

239 4197 348 4252 utique,
388 4191 581 4258 ‘particularly,’
616 4193 779 4258 ‘especially'
829 4194 921 4257 having
949 4195 1100 4258 anticipated
1126 4202 1239 4244 sentence
1267 4195 1301 4259 by
1321 4194 1402 4258 flight,

183 4272 187 4285 ·
206 4257 289 4307 rather
299 4259 359 4307 than
372 4260 411 4306 ‘at
423 4256 502 4309 least'
830 4260 889 4323 they
904 4275 969 4308 were
990 4275 1024 4309 no
1046 4261 1124 4310 doubt
1142 4260 1263 4325 prepared
1280 4261 1318 4309 for
1339 4261 1403 4324 pub·

242 4336 279 4382 23.
294 4326 326 4370 vi
345 4328 375 4372 et
394 4330 542 4382 potestate,
561 4322 592 4372 of
604 4323 646 4373 the
666 4323 779 4373 absolute
828 4324 931 4373 headon
941 4341 972 4373 on
982 4325 1025 4374 the
1036 4341 1102 4374 same
1110 4326 1176 4376 scale
1186 4341 1215 4374 as
1223 4325 1404 4375 Cioerowould

206 4402 291 4451 power
303 4388 332 4436 of
339 4404 354 4436 a
369 4387 445 4450 judge
460 4389 548 4451 sitting
560 4388 683 4452 (possibly
695 4405 723 4438 as
737 4389 778 4438 the
828 4389 892 4439 have
907 4390 1013 4440 allowed
1029 4391 1132 4441 himself
1144 4392 1169 4440 in
1185 4391 1304 4456 pleading
1320 4391 1404 4440 before

206 4451 338 4516 emperor's
355 4453 552 4517 representative)
564 4455 590 4502 iu
605 4472 621 4505 a
631 4462 702 4505 court
713 4455 777 4504 from
828 4455 870 4506 the
881 4462 959 4506 court.
