3046 5032
401 381 638 447 DIALOGUS
657 382 726 443 DE
748 380 834 443 ΘΚΑ
843 379 1052 441 TORIBUS.
1286 383 1329 457 59

132 552 237 619 Decio
257 553 407 619 Samnite
430 563 485 619 aut
509 555 603 619 Bruti
624 575 684 639 pro
704 553 864 618 Deiotaro
879 571 956 634 rege
971 560 1164 633 ceterosque
1180 547 1328 612 eiusdem
1345 569 1376 621 ²5

131 667 335 731 lentitudinis
357 688 396 730 ac
418 668 543 750 teporis
566 667 665 731 libros
684 667 772 748 legit,
789 666 850 728 nisi
866 666 921 747 qui
939 673 972 728 et
987 662 1133 727 carmina
1147 661 1328 725 eorundem

132 780 277 842 miratur.
315 777 476 843 Fecerunt
488 781 574 843 enirn
589 789 622 843 et
638 779 784 842 carmina
799 787 832 841 et
848 779 880 840 in
897 775 1113 840 bibliothecas
1123 773 1328 846 rettulerunt,

131 910 197 952 non
214 890 331 954 melius
347 911 446 972 quam
466 891 590 970 Cicero,
607 891 664 954 sed
688 890 822 967 felicius,
838 891 916 973 quia
938 889 1011 953 illos
1028 888 1144 953 fecisse
1158 887 1328 970 pauciores

131 1002 247 1066 sciunt.
281 1001 420 1066 Asinius
432 1023 573 1086 quoque,
583 1024 785 1086 quamquam
796 1001 1002 1085 propioribus
1013 999 1219 1082 temporibus
1232 1005 1328 1062 natus

130 1115 183 1190 sit,
199 1114 329 1177 videtur
345 1114 424 1177 mihi
444 1115 529 1178 inter
545 1115 719 1179 Menenios
735 1123 768 1177 et
783 1113 915 1197 Appios
929 1113 1104 1177 studuisse.
1150 1109 1328 1175 Pacuvium
1343 1127 1377 1176 30

131 1233 220 1288 certe
235 1234 269 1287 et
285 1223 426 1288 Accium
441 1246 507 1288 non
526 1224 633 1288 solum
655 1224 835 1307 tragoediis
850 1224 908 1287 sed
924 1224 1024 1287 etiarn
1040 1222 1244 1287 orationibus
1262 1220 1328 1284 suis

130 1335 314 1418 expressit:
337 1337 422 1399 adeo
438 1337 538 1400 durus
558 1346 592 1399 et
615 1337 719 1400 siccus
735 1344 794 1399 est.
841 1335 958 1400 Oratio
973 1344 1094 1409 autem,
1111 1334 1195 1398 sicut
1210 1351 1329 1414 corpus

130 1446 281 1522 hominis,
295 1468 334 1511 ea
344 1449 478 1512 demum
489 1448 627 1531 pulchra
641 1458 692 1512 est
705 1450 737 1512 in
748 1468 816 1530 qua
827 1469 893 1510 non
906 1448 1051 1511 eminent
1061 1466 1166 1510 venae
1177 1464 1236 1508 nec
1253 1464 1328 1508 ossa

130 1571 353 1638 numerantur,
369 1562 427 1625 sed
443 1569 647 1643 temperatus
661 1581 700 1623 ac
722 1560 829 1623 bonus
845 1560 978 1641 sanguis
997 1558 1113 1643 implet
1130 1556 1278 1621 membra
1293 1562 1328 1619 et

165 1695 202 1744 26.
220 1695 309 1759 teporis
323 1697 431 1760 Lipsius,
442 1696 558 1760 temporis
571 1696 625 1761 (per
641 1695 801 1760 compendia)
819 1696 892 1745 codd.
1027 1704 1064 1756 27.
1082 1694 1235 1743 bibliothecas
1246 1691 1328 1753 ADC,

129 1761 380 1827 bybliotccasB(also
391 1770 417 1811 at
428 1763 467 1814 37.
480 1762 516 1821 6).
609 1764 647 1813 28.
665 1761 932 1827 quz'aEV2ChDHb:
950 1760 1061 1825 qua‘AB.
1095 1760 1151 1809 illos
1162 1765 1228 1808 most
1239 1758 1327 1808 codd:

130 1828 189 1876 ister
199 1827 252 1876 AB.
353 1841 392 1889 31.
411 1829 440 1876 in
451 1826 584 1892 tragoediis
595 1828 682 1886 Ritter,
696 1827 783 1877 Halm.

130 1931 201 1980 After
212 1930 337 1996 m‘siscrtc
348 1934 480 2000 quisquam
492 1934 609 1999 (=nemo
617 1934 703 1998 enim),
755 1941 838 1998 togae,
848 1933 968 1985 concedat
976 1934 1059 1984 laurea
1069 1929 1187 1996 linguae,’
1199 1939 1224 1981 et
1235 1935 1267 1980 ‘o
1278 1930 1328 1980 for·

130 1998 185 2046 nisi
198 1999 246 2061 qui
261 1998 358 2048 follows
372 2000 397 2049 in
414 2001 456 2050 the
473 2009 530 2051 next
544 2001 627 2051 clause
644 2002 704 2065 bya
754 2006 867 2049 tunatam
878 2007 963 2048 natam
973 2015 1013 2049 me
1026 1999 1126 2049 consule
1138 1999 1246 2047 Romam
1256 1993 1278 2048 i'

129 2063 275 2127 negligence
294 2065 333 2112 for
348 2065 431 2114 which
448 2082 487 2130 cp.
505 2068 570 2115 Ann.
587 2067 622 2115 iii.
636 2076 702 2130 57,2
789 2080 828 2129 29.
845 2069 972 2114 Asinius.
1006 2064 1052 2114 See
1076 2067 1114 2113 12.
1138 2063 1171 2112 ad
1193 2063 1234 2112 fin.
1276 2062 1328 2111 For

131 2128 196 2190 (nisi
211 2135 278 2178 ut..
292 2130 365 2179 ,nisi
380 2130 467 2194 quod).
501 2133 525 2181 A
541 2132 642 2192 similar,
659 2133 704 2181 but
753 2130 859 2181 Pollio’s
881 2138 976 2196 poetry,
997 2147 1036 2194 cp.
1055 2129 1131 2194 Verg.
1150 2129 1204 2178 Ecl.
1223 2128 1275 2178 viii.
1297 2140 1327 2176 10

129 2209 199 2242 more
215 2195 318 2255 natural,
332 2197 499 2246 construction
517 2213 603 2246 occurs
617 2199 656 2251 37.
673 2212 702 2247 aa
753 2197 813 2246 Sola
836 2196 976 2260 Sophocleo
995 2203 1038 2244 tua
1057 2196 1166 2245 carmina
1188 2195 1264 2258 digna
1286 2209 1327 2242 co·

129 2274 175 2308 nec
186 2260 317 2323 quisquam
329 2298 335 2309 .
348 2297 354 2309 .
366 2296 372 2308 .
385 2270 467 2324 potest
477 2263 524 2311 nisi
536 2263 578 2327 qui
591 2300 596 2312 .
610 2299 616 2312 .
630 2301 635 2312 .
752 2263 859 2312 thumo:
876 2263 911 2311 iii.
924 2261 955 2310 86
969 2261 1053 2310 Pollio
1071 2267 1096 2310 et
1114 2262 1166 2324 ipse
1185 2261 1245 2310 facit
1261 2274 1327 2308 nova

162 2339 213 2381 pro
229 2328 317 2374 Decio
335 2329 470 2376 Samnite.
504 2328 558 2377 The
575 2329 665 2392 speech
682 2329 704 2377 is
755 2328 881 2378 carmina:
901 2327 965 2376 Hor.
977 2327 1028 2376 Sat.
1040 2327 1057 2376 i.
1072 2340 1109 2388 10,
1122 2340 1162 2390 4²·
1344 2367 1347 2374 .

129 2397 173 2438 not
185 2390 282 2449 known,
294 2391 343 2439 and
351 2391 393 2440 the
405 2392 536 2443 difference
543 2394 569 2442 in
579 2395 621 2443 the
632 2410 704 2443 name
789 2408 828 2455 30.
845 2397 993 2442 Menenios
1007 2429 1013 2443 .
1026 2429 1032 2442 .
1045 2428 1052 2442 .
1063 2394 1179 2449 Appios.
1219 2388 1274 2440 'l’he
1290 2406 1328 2441 re·

131 2455 235 2515 (Decius
254 2454 386 2519 Samnites)
404 2456 486 2506 shows
504 2458 559 2508 that
576 2461 595 2508 it
613 2467 704 2509 cannot
754 2458 849 2509 ference
869 2460 890 2507 is
907 2467 934 2508 to
953 2458 1082 2506 Menenius
1101 2458 1216 2522 Agrippa
1234 2457 1286 2521 (17.
1300 2458 1325 2518 a)

129 2520 191 2569 have
204 2522 266 2570 been
277 2520 409 2582 delivered,
421 2538 448 2572 as
464 2539 532 2573 some
545 2525 636 2574 editors
647 2540 704 2588 sup·
754 2526 804 2573 and
815 2531 843 2573 to
854 2525 953 2588 Appius
965 2523 1085 2572 Claudius
1096 2523 1191 2572 Caecus
1204 2525 1255 2584 (18.
1269 2523 1318 2583 18).

129 2602 197 2650 pose,
203 2602 235 2635 on
243 2586 330 2636 behalf
334 2588 363 2635 of
368 2586 410 2636 the
418 2589 555 2638 individual
562 2591 703 2639 mentioned
787 2593 939 2649 studuisse,
956 2589 1078 2645 absolute,
1095 2603 1122 2636 as
1138 2595 1165 2636 at
1182 2591 1221 2637 32.
1237 2590 1259 2648 8,
1277 2588 1327 2636 and

129 2653 154 2698 in
172 2652 225 2700 Cic.
243 2667 289 2716 pro
305 2653 403 2702 Cluent.
423 2654 493 2711 §161
513 2655 571 2721 (Cn.
584 2656 703 2706 Decidius
754 2657 794 2704 34.
806 2668 850 2703 10:
869 2655 918 2703 and
930 2653 1098 2718 frequentlyin
1110 2652 1255 2716 Quintilian.
1278 2654 1327 2718 Cp.

129 2716 247 2781 Samnis).
752 2721 926 2781 studiosorum,
939 2719 1027 2770 above.

163 2796 202 2844 25.
218 2798 268 2840 pro
286 2787 428 2833 Deiotaro.
463 2784 510 2835 See
527 2785 580 2836 Cic.
598 2787 631 2835 ad
648 2787 701 2837 Att.
787 2799 826 2847 32.
844 2789 999 2842 expressit:
1028 2800 1068 2834 see
1089 2786 1182 2833 on20.
1204 2796 1241 2831 11.
1276 2783 1327 2832 For

129 2847 177 2895 xiv.
193 2862 214 2908 1,
228 2862 255 2896 2:
281 2849 349 2896 Brut.
363 2853 375 2906 ξ
391 2863 428 2897 21.
463 2851 518 2900 The
537 2852 633 2900 oration
651 2867 702 2901 was
754 2850 796 2900 the
805 2850 935 2914 judgment
946 2850 1004 2900 here
1015 2851 1146 2914 expressed
1157 2865 1196 2913 cp.
1206 2848 1325 2911 Quinta

129 2913 252 2962 delivered
264 2914 297 2977 by
309 2915 397 2963 Brutus
413 2916 439 2963 in
451 2914 562 2966 Caesar‘s
578 2933 700 2980 presence,
756 2930 777 2975 1,
790 2930 835 2978 113
848 2917 980 2965 anitoreet
991 2915 1142 2964 iucunditate
1153 2915 1281 2964 Ciceronis
1291 2915 1327 2963 ita

129 2986 155 3027 at
175 2979 277 3040 Nicaea,
294 2980 318 3027 in
339 2991 362 3027 Β.
373 2992 396 3028 c.
414 2979 454 3043 46.
489 2982 512 3031 It
531 2982 606 3032 failed
626 2983 656 3031 of
670 2983 702 3032 its
753 2981 830 3045 longe
840 2983 910 3031 abest
921 2989 948 3032 nt
959 2981 1037 3029 videri
1048 2981 1128 3045 possit
1139 2979 1238 3029 saeculo
1250 2980 1325 3044 prior.

130 3043 217 3107 object,
235 3045 273 3093 for
291 3045 426 3094 Deiotarus
445 3046 495 3096 lost
512 3048 574 3096 both
590 3046 630 3097 his
646 3048 701 3097 title
786 3050 874 3096 ‹lurus
899 3053 929 3096 et
957 3049 1057 3106 siccus,
1081 3046 1157 3095 ‘hard
1188 3045 1236 3093 and
1265 3043 1326 3108 dry.’

128 3110 177 3157 and
186 3117 251 3159 most
259 3109 287 3159 of
295 3110 335 3159 his
346 3111 484 3175 tetrarchy:
503 3113 566 3162 Bell.
577 3113 650 3163 Alex.
660 3113 700 3163 68.
752 3113 845 3162 Durus
860 3113 882 3160 is
901 3113 943 3160 the
962 3118 1014 3161 sort
1029 3112 1059 3160 of
1073 3112 1167 3176 epithet
1182 3111 1231 3174 (cp.
1243 3108 1325 3174 asper)

161 3178 287 3224 eiusdem
314 3179 502 3237 lentitudinis,
527 3181 581 3236 &c.,
606 3181 701 3229 ‘corre-
752 3177 807 3227 that
821 3177 903 3241 might
914 3178 945 3227 be
958 3176 1059 3242 applied
1075 3183 1197 3226 toaman
1209 3177 1266 3224 who
1281 3176 1327 3224 has

129 3241 388 3304 spondinglytedious
401 3244 451 3291 and
469 3243 512 3292 flat
525 3244 701 3308 productione?
752 3259 785 3292 uo
815 3249 898 3292 ‘sense
924 3242 953 3292 of
977 3240 1056 3306 style?
1096 3243 1181 3291 Siccus
1197 3264 1219 3281 =
1235 3241 1325 3300 aridus,

129 3306 181 3353 For
190 3307 352 3354 lentitudinis
362 3323 400 3371 cp.
409 3307 488 3357 lentus
495 3316 532 3357 est
540 3310 566 3358 in
575 3310 703 3374 principiis
753 3309 856 3369 ieiunus,
868 3308 947 3369 exilis,
961 3307 1117 3372 ‘wizenedfz
1135 3323 1175 3372 ep.
1191 3306 1243 3356 Cic
1259 3307 1326 3357 Brut.

128 3373 167 3419 22.
182 3383 226 3421 11:
244 3372 296 3420 Cic.
307 3373 460 3436 Brut.§178.
495 3381 584 3435 tepor,
595 3375 625 3424 of
630 3375 701 3440 style,
756 3379 768 3433 9
794 3375 840 3437 285
863 3375 1016 3423 ieiunitatem
1038 3381 1064 3423 et
1086 3374 1222 3422 siccitatem
1244 3378 1270 3420 et
1290 3373 1326 3420 in-

128 3451 214 3485 occurs
225 3437 285 3499 only
295 3438 361 3487 here.
753 3440 845 3504 opiam.
880 3440 909 3488 ln
922 3440 989 3491 Brut.
1004 3441 1017 3496 ξ
1032 3453 1077 3488 202
1094 3439 1172 3488 siccus
1187 3439 1208 3486 is
1223 3437 1284 3486 used
1300 3438 1327 3486 in

163 3514 201 3565 27.
218 3504 414 3554 bibliothecas.
443 3503 499 3554 The
507 3504 628 3555 reference
636 3514 703 3557 must
753 3523 768 3554 a
790 3506 858 3570 good
888 3520 957 3554 sense
984 3503 1094 3567 (‘solid,‘
1116 3500 1326 3568 ‘wiry'=aptus.
1348 3513 1350 3517 ’

128 3567 202 3642 beto
216 3567 310 3644 private
326 3567 447 3629 libraries,
458 3571 539 3620 where
556 3571 598 3620 the
615 3587 703 3636 poems
753 3572 862 3635 pressus)
876 3571 940 3619 nihil
959 3571 1006 3619 nisi
1024 3571 1117 3620 siccum
1133 3577 1207 3634 atque
1224 3583 1326 3617 sanum:

128 3634 372 3761 iheqlihtirllalidhucli
382 3634 446 3749 thlil
455 3637 561 3751 aaulilihcres
572 3643 702 3753 pvfflpgfirtsot
753 3637 835 3764 cpsge
843 3635 1204 3765 Effig'eiisiiffiiheilzissaissgeis
1218 3632 1273 3749 ⁶F'01
1284 3699 1326 3750 the

127 3762 213 3827 public
237 3764 328 3828 library
345 3780 396 3814 was
418 3766 526 3815 founded
546 3768 580 3831 by
600 3767 702 3816 Asinius
752 3767 838 3831 figure,
853 3783 892 3832 cp.
906 3767 990 3831 Quint
1001 3784 1024 3817 v.
1039 3768 1106 3826 12,6
1126 3767 1183 3830 plus
1199 3764 1326 3814 habebunt

127 3827 219 3890 Pollio,
239 3841 293 3879 uc.
314 3830 501 3895 38.—Nothing
520 3831 543 3881 is
563 3833 655 3882 known
675 3833 704 3882 of
752 3833 848 3882 decoris
865 3841 910 3894 (sc.
922 3837 1080 3896 argumenta)
1097 3832 1119 3881 si
1136 3846 1186 3880 non
1202 3830 1283 3879 nudos
1300 3837 1325 3880 et

127 3895 581 4013 th.t⁰it¹.·.2⁰ht⁰iitt..h
597 3899 699 4013 iti*
750 3895 1315 4025 “¹3sttutiitttuihtiihit..

126 4025 224 4074 nection
235 4025 296 4074 with
313 4024 426 4076 Caesar’s
442 4042 515 4077 name
528 4029 605 4093 (Plin.
616 4028 649 4077 N.
663 4029 698 4078 H.
749 3980 843 4093 pe1e4d!
1017 4000 1025 4025 '
1306 4072 1308 4076 ,

126 4091 176 4140 xix.
189 4093 211 4150 8,
227 4092 292 4154 144),
301 4091 347 4139 but
358 4107 395 4140 we
406 4108 447 4142 are
458 4093 513 4142 told
524 4094 558 4157 by
569 4094 700 4144 Suetonius
783 4098 906 4152 sanguis.
942 4094 1025 4158 Quint
1040 4110 1063 4143 x.
1078 4107 1102 4154 r,
1115 4098 1127 4151 ξ
1140 4092 1173 4141 60
1185 4090 1227 4156 (of
1237 4090 1325 4140 Archi·

127 4155 189 4218 (Jul.
211 4155 264 4216 lvi.)
288 4156 342 4204 that
364 4158 491 4221 Augustus
513 4159 614 4210 forbade
635 4160 700 4209 their
750 4159 849 4220 lochus)
869 4158 1004 4225 plurimum
1027 4158 1152 4222 sanguinis
1174 4164 1247 4220 atque
1270 4172 1324 4205 ner·

126 4219 270 4269 circulation
279 4221 304 4268 in
313 4237 328 4268 a
338 4221 409 4270 letter
416 4230 444 4271 to
452 4223 491 4272 his
499 4224 567 4274 chief
573 4224 698 4285 librarian,
749 4240 850 4274 vorum:
866 4225 900 4273 ib.
910 4229 922 4283 ς
933 4237 978 4286 115
989 4241 995 4274 :
1009 4239 1031 4284 a,
1042 4232 1053 4283 5
1065 4237 1094 4272 12
1106 4224 1188 4272 minus
1199 4220 1325 4284 sanguinis

126 4285 260 4349 Pompeius
269 4285 362 4334 Macer.
380 4286 603 4354 Cicero’spoetical
615 4289 698 4340 efforts
748 4305 778 4338 ac
796 4290 905 4338 virium:
933 4290 986 4340 Cic.
1008 4289 1051 4338 Or.
1071 4293 1084 4348 ξ
1105 4286 1137 4352 76
1156 4303 1205 4337 non
1222 4286 1325 4372 plurimi

126 4365 168 4399 are
190 4351 270 4399 better
287 4351 396 4401 known:
422 4353 699 4419 Quint.xi.1,241n
749 4355 874 4419 sanguinis
896 4361 941 4416 est,
966 4358 1026 4404 ‘not
1048 4351 1223 4402 full-blooded.
1274 4351 1325 4400 For

126 4415 276 4465 carminibus
289 4417 384 4464 utinam
402 4419 557 4483 pepercisset,
569 4436 632 4486 quae
648 4435 699 4469 non
748 4428 853 4484 cognate
868 4421 1011 4485 metaphors
1031 4435 1070 4470 see
1087 4415 1324 4484 Nigelsbach,136,

125 4480 248 4532 desierunt
260 4497 360 4547 carpere
374 4483 493 4549 maligni:
511 4485 618 4536 ‘cedant
628 4501 699 4535 arma
746 4499 771 4548 4,
785 4501 828 4552 pp.
841 4484 930 4549 556-8.
