3046 5032
494 337 732 403 DIALOGUS
752 340 819 401 DE
842 340 930 403 ORA
939 340 1148 408 TORIBUS.
1382 358 1422 427 13

223 528 295 573 esse
324 509 466 592 pretium
493 497 600 574 omnis
631 510 753 575 laboris
783 512 833 575 sui
864 512 1018 590 fatentur,
1047 532 1154 595 aeque
1179 523 1295 595 poetas
1321 535 1448 597 quam·

223 631 367 686 oratores
387 623 542 705 sequitur,
562 624 719 706 quoniam
739 625 920 689 mediocres
941 634 1057 707 poetas
1077 646 1176 689 nemo
1198 625 1300 699 novit,
1315 626 1421 691 bonos

222 735 328 815 pauci.
374 734 517 817 Quando
532 737 620 799 enim
641 737 879 800 rarissimarum
901 737 1132 801 recitationum
1153 736 1242 801 fama
1260 739 1293 802 in
1313 747 1420 804 totam

222 846 336 909 urbem
353 856 513 928 penetrat,
529 850 651 911 nedum
668 856 705 911 ut
720 869 778 932 per
793 858 845 913 tot
860 850 1044 930 provincias
1058 849 1265 914 innotescat?
1289 848 1420 931 Quotus
1434 870 1447 920 5

221 961 369 1041 quisque,
391 980 466 1022 cum
489 980 534 1022 ex
558 942 720 1042 Hispania
741 960 793 1024 vel
816 961 911 1036 Asia,
932 982 974 1025 ne
997 962 1076 1044 quid
1103 963 1146 1025 de
1169 960 1273 1026 Gallis
1300 963 1420 1024 nostris

220 1070 345 1152 loquar,
362 1072 395 1134 in
415 1073 530 1134 urbem
546 1072 646 1149 venit,
668 1070 815 1137 Saleium
837 1073 978 1137 Bassum
1002 1074 1162 1157 requirit?
1194 1073 1311 1154 Atque
1333 1072 1418 1136 adeo

220 1184 247 1244 si
272 1183 345 1264 quis
370 1183 515 1265 requirit,
540 1193 577 1247 ut
604 1184 706 1246 semel
727 1185 819 1263 vidit,
846 1187 963 1249 transit
990 1195 1023 1249 et
1050 1194 1224 1249 contentus
1246 1193 1306 1259 est,
1329 1192 1366 1245 ut
1389 1185 1417 1246 si

120 1276 124 1284 ¹
219 1295 380 1377 picturam
411 1295 556 1378 aliquam
586 1296 639 1360 vel
670 1306 817 1360 statuam
845 1298 990 1362 vidisset.
1035 1298 1154 1379 Neque
1183 1296 1271 1360 hunc
1305 1315 1415 1359 meum

218 1426 404 1471 sermonem
439 1409 485 1471 sic
515 1407 619 1491 accipi
649 1407 726 1472 volo
762 1417 933 1491 tamquam
969 1429 1026 1474 eos
1056 1411 1175 1492 quibus
1207 1419 1326 1473 natura
1357 1428 1415 1472 sua
1431 1425 1462 1460 10

218 1520 398 1582 oratorium
415 1519 581 1603 ingenium
597 1521 775 1603 denegavit
790 1521 973 1584 deterream
994 1541 1014 1584 a
1034 1520 1244 1598 carminibus,
1264 1522 1292 1585 si
1314 1521 1414 1584 modo

217 1633 250 1694 in
266 1631 328 1695 hac
344 1633 526 1696 studiorum
539 1641 632 1713 parte
643 1631 810 1696 oblectare
822 1634 928 1697 otium
940 1642 974 1697 et
986 1652 1108 1696 nomen
1120 1633 1261 1698 inserere
1276 1643 1414 1715 possunt

217 1743 332 1808 famae.
379 1746 454 1827 Ego
480 1766 557 1809 vero
584 1765 718 1809 omnem
744 1743 967 1827 eloquentiam
995 1764 1176 1826 omnesque
1203 1745 1273 1808 eius
1303 1753 1413 1828 partes

215 1875 325 1919 sacras
348 1867 382 1921 et
404 1856 607 1921 venerabiles
631 1866 721 1940 puto,
745 1877 805 1921 nec
832 1856 937 1921 solum
964 1856 1161 1921 cothurnum
1184 1865 1329 1920 vestrum
1355 1865 1413 1919 aut

247 1987 288 2031 10.
308 1998 331 2033 2.
349 1984 430 2032 omnis
441 1985 473 2044 A,
486 1999 568 2032 omnes
579 1983 663 2044 CDH,
677 2000 726 2032 om.
740 1985 767 2034 B.
806 1999 882 2048 aeque
893 1985 958 2044 Put,
969 1990 1044 2048 atque
1054 1983 1126 2032 codd.
1259 1996 1281 2044 3.
1297 1982 1414 2046 sequitur

215 2048 384 2108 EV,CADH‚
399 2051 448 2098 and
465 2066 526 2100 corr.
539 2050 571 2108 A,
585 2050 729 2113 insequitur
745 2050 799 2098 ΑΒ.
865 2065 890 2110 4.
908 2050 1101 2098 rarissimarum
1116 2048 1197 2103 codd..
1212 2047 1412 2096 clarissimarum

214 2114 316 2170 Steiner‚
324 2115 457 2164 rarissima
468 2115 563 2163 harum
574 2115 709 2165 Andresen.
809 2129 831 2178 5.
849 2114 941 2164 nedum
952 2119 980 2176 b,
993 2114 1103 2162 medium
1114 2113 1182 2163 ΑΒΕ
1195 2117 1316 2174 (metrum
1329 2113 1355 2161 H
1367 2112 1410 2177 Sp.

214 2181 289 2242 Pur).
380 2182 402 2228 8.
420 2188 450 2229 ut
459 2182 533 2229 sennl
543 2180 680 2242 Acidalius,
691 2187 716 2228 et
725 2181 799 2229 semel
808 2181 882 2231 codd.
969 2194 1007 2229 10.
1024 2195 1071 2228 rna
1083 2178 1131 2229 del.
1143 2179 1281 2239 Andresen,
1294 2178 1394 2228 Novak.

213 2303 256 2336 use
268 2288 289 2336 is
302 2287 378 2336 found
389 2287 527 2351 frequently
537 2286 563 2335 in
574 2286 730 2350 Quintilian:
747 2303 787 2337 see
870 2295 975 2347 quotue
995 2289 1125 2346 quisque,
1146 2287 1220 2336 ‘how
1237 2284 1333 2336 seldom
1351 2284 1411 2332 does

213 2363 271 2402 note
291 2369 323 2401 on
341 2369 364 2401 x.
386 2368 407 2414 5,
431 2356 469 2402 18.
510 2353 539 2400 In
558 2352 646 2402 Cicero
661 2353 747 2416 opinio
766 2355 787 2402 is
837 2369 885 2417 any
907 2351 971 2414 one,'
994 2355 1041 2402 dcc.
1085 2353 1141 2402 The
1168 2352 1274 2401 formula
1302 2349 1412 2413 literally

213 2418 339 2481 generally
351 2419 411 2466 used
420 2417 480 2466 with
492 2435 507 2467 a
518 2417 634 2480 genitive,
647 2434 674 2467 as
682 2424 688 2447 ‘
697 2419 786 2483 malig-
836 2435 922 2469 means
930 2425 936 2448 ‘
945 2419 1007 2468 each
1017 2418 1071 2466 unit
1083 2417 1113 2467 of
1120 2417 1188 2466 what
1196 2417 1279 2466 whole
1290 2414 1409 2474 number,'

213 2485 297 2532 nitatis
306 2481 462 2546 opinionem’
474 2483 500 2531 in
512 2482 551 2532 ch.
562 2485 599 2534 15.
610 2483 726 2532 6below:
746 2500 786 2548 cp.
837 2485 882 2533 ie.
894 2500 942 2534 one
952 2486 977 2533 in
988 2485 1045 2532 how
1056 2497 1140 2548 many,
1151 2483 1201 2532 and
1211 2498 1240 2533 so
1252 2483 1325 2531 ‘how
1336 2479 1410 2530 small

212 2548 326 2598 however
336 2563 382 2613 pro
393 2549 473 2609 Sulla,
486 2553 499 2607 ς
512 2561 556 2598 10:
569 2564 616 2613 pro
627 2549 687 2614 Leg.
698 2549 785 2598 Manil.
837 2565 852 2598 a
863 2547 1025 2614 proportion,'
1038 2547 1113 2597 ‘how
1124 2547 1187 2597 few.¹

213 2618 279 2676 §43·
871 2624 892 2677 7.
910 2618 1093 2673 usqueadeo.
1131 2615 1201 2674 ‘Yes‚
1214 2611 1262 2661 and
1273 2611 1294 2659 if
1302 2627 1351 2674 any
1361 2625 1409 2660 one

247 2694 267 2729 1.
286 2694 373 2737 aeque
393 2714 400 2729 .
424 2716 429 2728 .
449 2715 456 2728 .
477 2693 563 2737 quam
595 2694 681 2729 occurs
705 2695 784 2728 some·
836 2680 896 2729 does
913 2680 958 2729 ask
975 2681 1037 2730 after
1053 2679 1122 2727 him!
1156 2680 1203 2744 Cp.
1217 2677 1376 2726 14.6where
1388 2677 1409 2725 it

210 2746 283 2793 times
300 2746 354 2793 also
372 2746 398 2792 in
418 2743 521 2794 Plautus
540 2744 589 2792 and
607 2745 670 2808 Livy
686 2744 724 2793 for
742 2745 785 2795 the
840 2747 946 2793 =imm0
957 2746 1047 2810 potins.

212 2826 280 2858 more
291 2809 404 2859 classical
415 2825 506 2874 aeque.
520 2825 594 2860 ..aa
628 2809 663 2858 So
679 2809 745 2860 Hise
758 2812 783 2860 ii.
868 2811 891 2861 8.
909 2816 943 2860 ut
959 2813 1046 2860 semel
1059 2812 1141 2858 vidit.
1175 2808 1238 2857 This
1253 2806 1363 2856 reminds
1379 2823 1407 2855 us

214 2876 349 2936 10,13;ir.
360 2876 648 2938 54,8;v.3,11:Aun.
658 2875 683 2923 ii.
693 2885 784 2939 5a‚17;
835 2874 864 2924 of
888 2875 973 2939 Livy’s
994 2875 1119 2925 admirer:
1143 2887 1301 2937 nunquamne
1324 2872 1406 2936 legisti

211 2942 332 3004 iv.49,9;
348 2943 396 2990 xiv,
407 2942 479 3004 38,7.
504 2941 533 2989 ln
541 2940 576 2988 all
585 2940 653 2989 these
661 2940 783 2990 instances
834 2939 988 2990 Gaditanum
1009 2939 1131 3004 quendam
1153 2939 1205 2987 Titi
1227 2938 1284 2986 Livi
1306 2939 1406 2986 nomine

210 3005 252 3055 the
264 3007 429 3055 construction
443 3007 463 3053 is
474 3007 606 3069 negative:
623 3004 667 3055 Df.
682 3011 694 3064 5
710 3006 765 3068 176.
832 3006 963 3071 gloriaque
979 3012 1131 3054 commotum
1147 3004 1180 3053 ad
1198 3003 1327 3052 visendum
1348 3019 1406 3052 eum

243 3086 265 3134 3.
283 3075 418 3128 nequitur.
454 3071 488 3120 So
503 3071 587 3134 Quint.
599 3071 632 3119 iv.
650 3084 671 3132 1,
690 3085 721 3133 14
737 3087 782 3136 po·
833 3072 866 3120 ab
875 3071 965 3120 ultimo
973 3079 1090 3120 terrarum
1102 3071 1161 3119 orbe
1171 3069 1265 3117 venisse
1273 3068 1405 3132 statimque

209 3144 288 3185 tentes
299 3137 407 3200 sequitur
418 3136 518 3185 invidia.
832 3144 860 3185 ut
871 3136 966 3186 viderat
977 3136 1076 3185 abisse?
1109 3135 1173 3184 Plin.
1186 3135 1252 3198 Epp.
1264 3134 1289 3182 ii.
1304 3147 1328 3195 3,
1340 3134 1362 3181 8.

242 3218 265 3265 4.
282 3205 497 3261 rarissimarum,
526 3204 568 3249 ‘so
596 3201 644 3250 few
670 3203 720 3250 and
745 3201 782 3251 far
867 3215 905 3251 10.
922 3205 962 3251 aio
974 3202 1063 3258 accipi
1071 3207 1228 3259 tamquam:
1246 3199 1332 3262 Quint.
1342 3199 1367 3249 ii.
1380 3213 1403 3261 3,

208 3266 398 3327 between,'—of
418 3267 461 3315 the
482 3266 642 3330 productione
667 3267 696 3316 of
717 3267 780 3317 indi·
834 3280 871 3316 1ο.

208 3331 780 3397 viduals,withoutimplyingthatreadingsin
866 3346 903 3381 11.
921 3335 1061 3381 oblectare
1089 3334 1186 3380 otium.
1231 3330 1286 3379 The
1315 3329 1404 3394 phrase

208 3398 307 3460 general
324 3413 388 3446 were
404 3413 501 3447 scarce:
520 3413 559 3461 cp.
573 3399 596 3446 9.
612 3411 641 3459 ¹4
652 3413 709 3446 cum
725 3406 780 3447 toto
829 3413 915 3448 occurs
927 3399 1009 3461 again,
1022 3399 1086 3446 Anu.
1097 3397 1141 3447 xii.
1153 3411 1195 3461 49,
1206 3412 1230 3459 4.

208 3477 273 3511 anno
293 3499 299 3510 .
321 3499 327 3511 .
346 3500 352 3513 .
371 3479 447 3511 unum
469 3463 559 3511 librum
581 3463 686 3512 excudit.
730 3464 780 3512 Im·
862 3479 967 3512 nomeu
983 3467 1107 3512 inserere
1120 3499 1126 3511 .
1139 3497 1145 3509 .
1159 3464 1283 3510 .famae:
1301 3460 1403 3524 ‘gaina

208 3536 307 3591 portant
329 3528 411 3578 works
432 3544 496 3577 were
524 3528 651 3592 produced
673 3528 731 3592 only
753 3535 779 3578 at
828 3528 900 3578 niche
912 3529 937 3576 in
947 3529 990 3577 the
1005 3528 1098 3592 temple
1115 3527 1144 3577 of
1157 3523 1239 3574 fame.'
1271 3525 1402 3575 Asimilar

207 3594 333 3653 intervals,
356 3593 453 3658 though
479 3594 548 3643 there
569 3609 611 3642 are
633 3609 707 3657 many
728 3595 778 3642 evi·
828 3594 967 3658 expression
979 3594 1001 3642 is
1011 3593 1089 3643 found
1101 3593 1166 3641 Hist.
1176 3592 1201 3641 ii.
1211 3591 1252 3651 61,
1267 3606 1279 3640 2
1296 3593 1401 3640 inserere

207 3659 295 3709 dences
313 3660 342 3707 of
357 3676 372 3707 1
389 3667 485 3722 greater
503 3659 605 3722 activity
618 3659 644 3706 in
662 3659 705 3708 the
721 3676 777 3724 pro·
827 3674 880 3708 sese
902 3659 1026 3708 fortunae:
1055 3675 1094 3722 cp.
1113 3658 1177 3705 Ann.
1201 3657 1233 3706 vi.
1258 3671 1282 3716 1,
1304 3668 1317 3719 7
1340 3658 1401 3704 dnm

206 3724 307 3773 duction
327 3725 355 3773 of
369 3724 472 3788 slighter
490 3724 579 3788 pieces,
598 3724 732 3789 especially
749 3725 775 3773 in
827 3724 1010 3786 ignobilitatem
1038 3739 1108 3773 suam
1135 3723 1233 3786 magnis
1259 3722 1401 3771 nominibus

205 3789 248 3837 the
265 3791 366 3837 domuin
377 3791 406 3838 of
416 3789 478 3852 lyric
489 3797 584 3853 poetry.
617 3790 707 3838 Others
718 3791 776 3839 take
824 3788 914 3838 inserit.

205 3855 397 3903 rarissimarum
425 3853 685 3915 as=‘remarlrable‚‘
707 3870 775 3904 com·
860 3867 897 3916 13.
915 3857 1125 3912 eloquentiam:
1161 3851 1220 3902 here
1255 3849 1401 3916 practically

205 3921 293 3983 paring
304 3923 365 3983 Agr.
377 3921 437 3983 iv.7
454 3926 532 3968 mater
554 3934 624 3968 rarae
639 3920 775 3969 castitatis:
825 3934 992 3984 synonymous
1008 3919 1068 3968 with
1089 3913 1245 3968 ‘literature’
1279 3915 1399 3978 Literally

204 3987 239 4034 ib.
252 3986 293 4033 vii.
309 3986 336 4034 16
354 3986 478 4034 rarissima
489 3985 640 4034 moderatio:
657 3985 706 4033 and
718 3985 774 4034 Sen.
825 3983 980 4034 ‘utterance’

205 4052 323 4100 Controv.
341 4051 374 4100 iv.
394 4050 423 4098 18
441 4051 473 4098 ad
492 4050 542 4106 fin..
560 4049 637 4099 homo
658 4050 776 4099 1111111111
861 4063 898 4112 14.
918 4054 1086 4100 cothurnum
1105 4053 1238 4098 vestrum.
1273 4047 1321 4110 Cp.
1339 4045 1399 4095 ‘the

207 4117 305 4165 etiamsi
317 4133 365 4165 non
378 4115 570 4164 emendatissimi
582 4115 683 4178 ingenii.
825 4113 940 4164 bnskin'd
951 4112 1035 4178 stage’
1047 4113 1173 4176 (Milton).
1207 4112 1241 4161 So
1251 4111 1314 4160 Hor.
1327 4111 1358 4158 Α.
1368 4111 1397 4159 Ρ.

237 4196 260 4245 5.
277 4185 383 4230 nedum
404 4187 443 4229 ut.
481 4182 505 4229 A
527 4195 580 4229 rare
601 4181 776 4242 construction,
823 4181 985 4229 8ooontrasts
993 4181 1120 4229 thesoccus
1128 4176 1231 4243 (κρηπίς)
1241 4174 1397 4240 or‘slipper’

204 4245 291 4305 found,
303 4247 424 4305 however,
436 4246 461 4294 in
472 4246 536 4309 Livy
547 4245 583 4294 iii.
597 4245 661 4308 14,6
672 4262 703 4295 ne
713 4262 775 4296 voce
825 4246 854 4295 of
867 4246 971 4309 comedy
982 4244 1043 4294 with
1059 4243 1101 4294 the
1113 4243 1221 4307 grandes
1237 4241 1355 4291 cothurni
1371 4240 1400 4290 of

204 4312 304 4374 quidem
326 4311 488 4370 incommodi,
506 4311 596 4360 nedum
618 4319 646 4361 ut
664 4311 718 4360 nlla
736 4313 774 4360 vis
820 4312 931 4374 tragedy.

203 4376 286 4426 fieret:
304 4393 342 4440 cp.
352 4377 436 4439 Quint.
451 4377 492 4424 xii.
506 4389 527 4435 1,
542 4389 582 4439 39.
617 4377 668 4426 For
680 4377 773 4425 nedum
854 4383 990 4436 vestrum,
998 4373 1072 4423 while
1083 4372 1214 4422 addressed
1221 4378 1248 4422 to
1257 4373 1393 4432 Maternus,

202 4443 266 4491 after
276 4442 420 4491 affirmative
431 4439 535 4504 clauses,
547 4456 586 4492 see
597 4458 630 4493 on
642 4443 682 4492 26.
696 4455 734 4491 10.
822 4441 844 4491 is
855 4441 928 4490 made
939 4450 966 4490 to
977 4439 1076 4490 include
1087 4437 1130 4488 the
1139 4439 1208 4488 other
1218 4438 1297 4504 tragic
1308 4445 1386 4503 poeta.
