3046 5032
213 349 255 414 62
614 345 846 410 CORNELII
867 344 1028 408 TACITI

213 520 331 584 referre
355 518 470 602 possis,
497 525 531 583 et
555 515 647 583 velut
672 517 705 580 in
731 517 803 580 rudi
830 515 988 591 aedificio,
1010 514 1124 579 firmus
1146 534 1225 579 sane
1248 513 1357 597 paries
1378 521 1413 579 et
1483 518 1488 527 '

169 642 198 693 ¹5
212 631 397 709 duraturus,
423 630 482 694 sed
509 650 575 694 non
601 629 682 693 satis
712 628 880 712 expolitus
907 637 941 693 et
969 626 1154 711 splendens.
1201 627 1276 710 Ego
1299 637 1412 691 autem

211 753 386 816 oratorem,
410 743 495 807 sicut
517 740 716 825 locupletem
738 761 776 806 ac
800 740 926 804 lautum
951 749 1081 823 patrem
1103 738 1257 817 familiae,
1281 759 1347 802 non
1370 759 1412 802 eo

211 863 341 917 tantum
352 854 429 918 volo
444 863 533 918 tecto
550 854 617 934 tegi
633 854 723 934 quod
739 851 879 915 imbrem
894 871 934 916 ac
948 861 1083 915 ventum
1095 861 1217 930 arceat,
1232 851 1291 915 sed
1308 851 1410 914 etiam

210 966 300 1047 quod
316 965 421 1028 visum
437 974 471 1029 et
486 964 600 1028 oculos
615 963 759 1028 delectet
774 985 782 1042 ;
805 984 872 1027 non
889 984 928 1027 ea
946 962 1053 1028 solum
1072 963 1189 1027 instrui
1207 960 1411 1045 supellectile

210 1097 296 1158 quae
311 1077 501 1141 necessariis
514 1077 628 1140 usibus
643 1075 792 1152 sufficiat,
801 1075 859 1138 sed
874 1075 919 1137 sit
934 1076 968 1138 in
979 1084 1142 1158 apparatu
1158 1076 1229 1138 eius
1244 1084 1277 1139 et
1292 1094 1410 1138 aurum

163 1216 195 1253 20
209 1197 244 1252 et
274 1208 436 1273 gemmae,
461 1196 499 1252 ut
528 1208 658 1251 sumere
689 1189 721 1250 in
752 1206 867 1251 manus
894 1194 928 1249 et
957 1187 1105 1269 aspicere
1134 1187 1266 1269 saepius
1295 1184 1409 1248 libeat.

210 1301 384 1384 Quaedam
399 1321 478 1365 vero
494 1301 607 1383 procul
623 1310 796 1365 arceantur
813 1309 851 1363 ut
869 1299 936 1362 iam
952 1298 1143 1388 oblitterata
1161 1308 1195 1362 et
1211 1297 1409 1363 insolentia:

209 1412 336 1476 nullum
353 1415 395 1476 sit
409 1411 545 1476 verbum
564 1412 655 1477 velut
675 1411 824 1494 rubigine
847 1410 1016 1489 iniectum,
1031 1411 1114 1473 nulli
1129 1431 1243 1474 sensus
1258 1411 1355 1475 tarda
1375 1419 1409 1474 et

209 1524 305 1588 inerti
317 1534 482 1590 structura
493 1524 526 1587 in
540 1544 665 1588 morem
678 1523 846 1587 annalium
862 1532 1120 1604 componantur:
1143 1521 1264 1605 fugitet
1275 1521 1409 1586 foedam

244 1726 280 1776 16.
298 1727 398 1776 lautum
416 1726 522 1791 Lipsius,
542 1702 681 1775 laudatum¹
692 1725 764 1775 codd.

210 1807 248 1858 19.
264 1793 308 1842 sed
319 1793 355 1841 sit
365 1793 446 1849 codd„
458 1792 501 1841 sed
508 1807 557 1841 esse
567 1791 667 1840 Novak.

208 1859 334 1923 Agricola,
347 1859 419 1906 liceat
429 1857 502 1907 codd.

914 1727 951 1774 18.
968 1724 1114 1788 supellectile
1130 1724 1270 1785 ABEV,H,
1288 1724 1312 1773 ·i
1327 1724 1409 1773 CAD.

794 1803 834 1840 20.
852 1797 882 1838 ut
896 1789 1024 1848 EV2CAD
1038 1791 1095 1852 (aut
1107 1789 1200 1854 HSp.),
1211 1795 1236 1838 et
1246 1789 1299 1838 AB.
1333 1790 1410 1838 libeat

632 1871 669 1906 21.
688 1862 825 1904 arceantur
835 1855 940 1919 Lipsius,
952 1862 1073 1904 arcentur
1082 1856 1155 1905 codd.
1189 1855 1324 1904 insolentia
1335 1855 1356 1903 is
1364 1871 1409 1918 my

208 1924 271 1987 conj.
284 1923 333 1987 (lor
349 1925 392 1972 the
408 1923 527 1972 omission
545 1921 574 1970 of
586 1922 623 1983 in,
642 1938 681 1986 cp.
701 1924 741 1970 33.
755 1925 791 1983 5),
806 1922 899 1970 olentia
913 1921 995 1981 codd,
1008 1921 1096 1982 Halm,
1113 1920 1213 1976 Miiller,
1228 1921 1407 1984 antiquitatem

207 1989 300 2039 olentia
311 1989 446 2042 Andresen,
457 1989 551 2037 exoleta
562 1987 692 2037 Acidalins
704 1986 771 2049 (Sen.
784 1987 829 2049 Ep.
844 1999 898 2050 114.
913 2000 944 2034 ro
954 1989 961 2013 ‘
971 1987 1072 2050 antiqua
1089 1988 1163 2036 verba
1179 1995 1254 2049 atque
1270 1985 1369 2034 exoleta
1377 1985 1405 2050 '),

207 2055 308 2104 obsoleta
320 2052 405 2115 Wolff,
418 2053 549 2101 Gudeman
567 2053 632 2114 (Cic.
646 2053 677 2100 de
694 2052 737 2100 Or.
749 2052 784 2101 iii.
799 2057 827 2111 55
841 2064 956 2114 33,150:
973 2052 998 2099 in
1010 2052 1080 2102 Verr.
1093 2052 1111 2102 i.
1126 2065 1147 2112 1,
1161 2065 1199 2113 51,
1214 2049 1261 2113 56:
1278 2051 1363 2114 Quint.
1373 2051 1406 2100 iv.

198 2122 296 2250 slugSilal
304 2184 356 2232 HV
368 2183 417 2232 and
429 2183 485 2234 edd.
496 2191 554 2232 vett.

207 2347 371 2397 emicantibus
378 2347 477 2398 similia.
495 2348 546 2397 For
553 2347 595 2397 the
605 2363 674 2397 more
682 2348 783 2412 general

207 2428 275 2463 sense
292 2413 322 2461 ol
335 2414 436 2461 lumina
457 2414 499 2462 the
516 2413 647 2477 following
663 2430 781 2478 passages

206 2495 264 2542 may
284 2479 315 2528 be
335 2479 432 2528 added:
458 2480 491 2527 ad
510 2479 618 2529 Herenn.
641 2480 674 2527 iv.
695 2494 725 2541 23
745 2481 781 2528 lu-

206 2544 781 2595 minibusdistinctisillustrabimusorationem:

207 2609 261 2659 Cic.
273 2610 304 2658 de
317 2610 361 2659 Or.
371 2610 405 2658 iii.
421 2617 432 2669 5
446 2609 478 2674 96
494 2612 543 2658 sint
558 2611 629 2674 quasi
646 2611 672 2658 in
689 2620 780 2660 ornatu

207 2675 329 2739 disposita
354 2675 476 2740 quaedam
497 2676 604 2739 insignia
624 2682 649 2724 et
672 2676 781 2736 lumina3

207 2756 245 2804 cp.
258 2741 292 2789 ib.
301 2741 325 2790 it
340 2747 352 2800 5
362 2741 408 2802 36:
421 2750 478 2790 sunt
486 2742 551 2790 enim
560 2740 679 2803 (lumina)
688 2741 780 2791 similia

206 2805 257 2855 illis
274 2822 336 2870 quae
357 2806 382 2854 in
399 2807 486 2871 amplo
506 2813 595 2855 ornatu
615 2822 717 2856 scaenae
735 2815 779 2857 aut

206 2871 253 2919 lori
270 2871 427 2936 appellantur
446 2873 559 2936 insignia,
580 2887 631 2920 non
650 2872 709 2934 quia
726 2873 780 2921 sola

206 2946 300 2993 ornent,
324 2938 367 2986 sed
390 2937 457 3002 quod
482 2937 612 2998 excellant,
635 2937 679 2986 Or.
700 2940 712 2994 5
733 2950 780 3000 134

208 3001 299 3064 (where
320 3017 360 3052 see
382 3005 426 3052 Dr.
450 3002 555 3066 Sandys’
577 3004 667 3062 notes).
704 3003 779 3065 Quite

206 3066 356 3131 technically
373 3068 473 3116 lumina
488 3067 623 3132 =figurae,
642 3083 663 3116 e.
669 3083 693 3131 g.
709 3068 777 3118 Brut.

206 3136 279 3195 §275
301 3133 395 3181 lumina
414 3147 479 3196 quae
496 3140 587 3182 vocant
606 3133 695 3182 Graeci
715 3133 778 3194 σχή-

205 3213 288 3257 ματατ
314 3198 345 3247 de
364 3198 406 3246 Or.
427 3197 461 3245 iii.
483 3203 495 3257 5
518 3213 563 3246 201
588 3204 625 3247 est
647 3197 718 3262 quasi
740 3198 779 3246 lu-

205 3262 315 3310 minibus
342 3263 515 3325 distinguenda
542 3272 567 3312 et
601 3263 778 3327 frequentanda

205 3328 286 3440 pinnis
315 3329 395 3376 oratio
423 3329 596 3377 sententiarum
625 3335 698 3392 atque
726 3344 777 3377 ver·

224 3408 302 3441 orum.

240 3467 277 3517 13.
295 3459 493 3507 terminantur.
514 3458 566 3507 Cic.
575 3457 617 3506 Or.
627 3463 639 3517 5
651 3473 695 3522 199
704 3458 776 3522 pleri·

205 3537 252 3587 que
261 3523 327 3570 enim
339 3530 437 3571 censent
446 3523 532 3571 cadere
543 3530 639 3571 tantum
647 3539 776 3573 numerose

205 3596 319 3651 oportere
342 3587 515 3652 terminarique
537 3590 691 3637 sententiam.
726 3589 772 3652 Cp.

204 3662 248 3701 too
256 3653 340 3715 Quint.
348 3653 399 3701 viii.
407 3667 430 3714 5,
442 3666 469 3712 13
480 3653 522 3702 sed
531 3668 595 3702 nunc
603 3654 672 3702 aliud
678 3654 772 3712 volunt,

204 3725 232 3766 ut
244 3719 324 3767 omnis
335 3718 412 3778 locus,
425 3719 506 3766 omnis
517 3734 599 3767 sensus
616 3719 644 3767 in
652 3718 710 3783 fine
726 3735 776 3768 ser-

205 3784 286 3832 monis
296 3784 368 3832 seriat
380 3799 472 3833 aurem.
496 3783 558 3832 This
570 3785 590 3831 is
603 3784 670 3832 what
682 3784 776 3833 Seneca

204 3864 289 3897 means
298 3849 369 3897 when
377 3849 409 3897 he
417 3864 472 3912 says
482 3848 540 3913 (Ep.
552 3863 606 3910 roo,
617 3853 630 3907 5
641 3851 667 3912 7)
676 3852 682 3874 ⁴
690 3851 775 3898 omnia

203 3914 269 4026 appd
280 3915 425 3964 Ciceronem
433 3915 555 3975 desinunt,
561 3914 626 3979 apud
636 3914 774 3963 Pollionem

203 3995 233 4028 ca
251 3979 308 4027 unt.'

238 4058 275 4106 14.
292 4047 404 4103 referre,
417 4061 457 4109 cp.
470 4044 557 4094 referre
569 4045 671 4093 domum
683 4047 722 4094 20.
736 4059 774 4106 13.

238 4122 275 4172 15.
296 4114 457 4160 duraturus.
506 4109 560 4158 'l'he
587 4111 631 4159 sut.
660 4118 724 4174 part.
753 4111 774 4159 is

202 4174 358 4238 graphically
379 4174 511 4239 employed
533 4176 566 4237 by
585 4175 698 4235 Tacitus,
720 4191 773 4239 eg.

203 4240 271 4288 Hist.
285 4240 309 4290 ii.
326 4255 364 4302 49,
379 4254 407 4288 21
421 4240 595 4304 sepulchrum.
609 4241 773 4290 ..modicum

201 4311 227 4353 et
244 4320 400 4353 mansurum:
419 4306 484 4354 Ann.
504 4306 536 4354 iv.
557 4307 596 4366 38,
619 4316 632 4369 7
652 4306 699 4355 hae
718 4305 773 4370 pul-

202 4369 338 4419 cherrimae
355 4369 449 4434 effigies
465 4377 490 4420 et
507 4386 644 4422 mansurae.
679 4372 726 4436 Cp.
740 4387 773 4420 on

203 4449 352 4484 ueansumm
365 4439 387 4484 9.
400 4449 441 4486 22.

413 2133 451 2166 22.
468 2118 684 2179 velutRhenanuS,
697 2117 739 2166 ael
747 2116 819 2167 codd.

944 2131 982 2180 ²3·
991 2115 1098 2181 fugitet,
1110 2114 1339 2180 ABEV2A,sugr'et
1349 2117 1407 2179 CD,

869 2347 906 2398 16.
922 2352 1094 2406 locupletem
1108 2351 1360 2409 patremfamilias,
1374 2353 1406 2399 ‘a

833 2414 975 2464 well-todo
987 2414 1169 2464 householder.‘
1203 2415 1304 2463 Lautus
1314 2415 1406 2463 carries

832 2481 894 2529 with
906 2482 925 2529 it
936 2482 978 2530 the
990 2495 1057 2528 same
1070 2479 1127 2528 idea
1138 2495 1166 2529 as
1180 2481 1349 2543 elegans,-ol
1357 2496 1405 2529 one

832 2546 890 2594 who
912 2545 998 2594 knows
1017 2545 1076 2594 how
1093 2552 1121 2594 to
1138 2544 1232 2594 iurnish
1251 2545 1312 2594 with
1332 2552 1404 2594 laste.

833 2611 914 2660 There
937 2611 959 2660 is
978 2627 994 2659 a
1016 2611 1152 2660 somewhat
1171 2610 1266 2660 similar
1283 2610 1360 2674 figure
1378 2609 1404 2662 iu

832 2677 885 2726 Cic.
898 2677 929 2724 de
940 2677 983 2726 Or.
998 2689 1018 2734 1,
1033 2681 1045 2735 5
1060 2677 1114 2727 161.

866 2755 905 2791 ar.
924 2745 1100 2791 oblitterata:
1125 2757 1164 2806 cp.
1183 2743 1206 2790 8.
1227 2755 1241 2804 3
1260 2741 1362 2792 remotis
1378 2748 1404 2791 et

831 2807 984 2856 oblitteratis
995 2807 1124 2871 exemplis.

864 2875 1034 2921 insolentia:
1062 2883 1176 2935 contrary
1198 2879 1226 2920 to
1242 2873 1358 2936 ordinary
1374 2888 1404 2922 or

830 2939 1063 3051 titutum..
1073 2938 1126 3051 {ll
1135 2938 1249 3052 1ῐέ1.ἱέ
1253 2948 1403 3067 {little

830 3068 875 3117 Or.
889 3074 901 3127 5
914 3067 944 3117 26
956 3068 1054 3116 nullum
1065 3069 1167 3117 verbum
1179 3067 1293 3124 insolens,
1305 3068 1402 3117 nullum

830 3134 961 3182 odiosum:
978 3134 1063 3196 Quint.
1074 3134 1106 3182 iv.
1125 3147 1145 3192 1,
1167 3135 1197 3196 58
1214 3149 1245 3183 ex
1264 3135 1403 3198 praeceptis

829 3198 950 3248 veteribus
962 3206 1045 3247 manet
1056 3214 1086 3248 ne
1098 3199 1165 3262 qnod
1174 3199 1281 3248 insolens
1289 3200 1400 3259 verbum,

828 3279 859 3312 ne
876 3264 994 3312 audacius
1011 3264 1165 3323 translatum,
1182 3279 1213 3312 ne
1229 3271 1272 3312 aut
1289 3265 1401 3314 obsoleta

828 3337 950 3379 vetustate
961 3316 1003 3378 adt
1016 3330 1113 3393 poetica
1124 3329 1223 3378 licentia
1239 3337 1364 3392 sumptum
1375 3329 1401 3379 in

827 3393 950 3458 principio
957 3394 1162 3458 deprehendatur.
1197 3395 1255 3443 Aul.
1265 3394 1331 3443 Gell.
1340 3395 1357 3444 i.
1369 3409 1400 3447 10

827 3459 1400 3523 uttamquamscopulumsiclugiasinauditum

827 3532 901 3588 atque
913 3524 1021 3573 insolens
1032 3525 1142 3575 verbum.
1176 3526 1249 3588 [This
1261 3524 1399 3588 conjecture

827 3589 881 3651 has,
894 3590 906 3638 1
920 3589 977 3649 find,
991 3591 1053 3639 been
1064 3589 1215 3654 anticipated
1232 3591 1264 3653 by
1277 3591 1398 3640 Cornelis·

826 3671 869 3704 sen
884 3655 910 3703 in
925 3655 1096 3717 Mnemosyne,
1109 3655 1160 3703 xiii.
1173 3673 1199 3719 p.
1214 3655 1277 3705 260:
1293 3656 1325 3704 he
1339 3657 1398 3705 cites

827 3720 893 3769 Gell.
905 3721 937 3769 xi.
952 3730 965 3782 7
978 3721 1058 3769 verbis
1073 3721 1109 3769 uti
1126 3727 1169 3769 aut
1184 3721 1258 3769 nimis
1270 3720 1397 3783 obsoletis,

827 3785 1008 3850 exculcatisque
1019 3792 1062 3835 ant
1075 3785 1257 3849 insolentibus]

861 3865 899 3899 22.
916 3855 997 3900 tarda
1012 3857 1041 3901 et
1056 3855 1150 3908 inerti,
1162 3851 1242 3901 ‘lame
1254 3851 1304 3900 and
1315 3851 1367 3900 still
1373 3850 1397 3902 'a

825 3932 865 3979 cp.
878 3916 962 3978 Quint.
974 3916 1009 3964 ix.
1020 3932 1044 3980 4,
1058 3928 1105 3979 137
1117 3916 1190 3965 tarda
1205 3923 1230 3966 et
1248 3917 1336 3981 supina
1352 3921 1396 3981 (sc.

825 3981 995 4045 compositio).

861 4061 898 4107 ²3·
915 4052 947 4094 tn
975 4062 1081 4094 morem
1108 4051 1261 4106 annalium,
1285 4047 1326 4095 ‘in
1354 4048 1397 4098 the

826 4111 889 4174 style
901 4111 929 4159 of
938 4127 953 4159 a
969 4111 1106 4160 chronicler
1114 4111 1135 4160 ’z
1153 4129 1193 4176 cp.
1206 4113 1260 4162 Cic.
1272 4112 1302 4160 de
1314 4115 1357 4162 Or.
1369 4114 1396 4165 ii.

828 4180 857 4234 55
871 4190 949 4240 52-33
966 4176 997 4224 de
1009 4177 1087 4240 Legg.
1099 4178 1115 4226 i.
1129 4182 1142 4236 5
1155 4177 1170 4224 6
1182 4193 1218 4241 sq.
1242 4178 1396 4229 Otherstake

825 4243 845 4290 it
857 4241 906 4290 less
917 4241 1041 4305 probably
1052 4257 1079 4290 as
1093 4243 1211 4306 referring
1227 4249 1253 4291 to
1270 4244 1311 4292 the
1329 4245 1396 4293 dille·

825 4321 908 4356 renees
920 4307 1029 4356 between
1046 4307 1088 4355 the
1105 4307 1233 4358 historical
1248 4308 1311 4372 style
1322 4325 1395 4372 gene·

825 4371 888 4434 rally
899 4371 948 4420 and
967 4371 1022 4420 that
1039 4373 1067 4420 ol
1080 4379 1197 4437 oratory:
1213 4389 1254 4423 see
1271 4375 1356 4438 Quint.
1371 4392 1396 4424 x.

826 4450 915 4498 31-32,
927 4437 988 4486 with
1000 4436 1042 4488 the
1052 4445 1130 4489 notes
