<?xml version="1.0" encoding="UTF-8"?>
<!DOCTYPE html PUBLIC "-//W3C//DTD XHTML 1.0 Transitional//EN"
    "http://www.w3.org/TR/xhtml1/DTD/xhtml1-transitional.dtd">
<html xmlns="http://www.w3.org/1999/xhtml" xml:lang="en" lang="en">
 <head>
  <title>
</title>
<meta http-equiv="Content-Type" content="text/html;charset=utf-8" />
  <meta name='ocr-system' content='tesseract 3.04.00' />
  <meta name='ocr-capabilities' content='ocr_page ocr_carea ocr_par ocr_line ocrx_word'/>
</head>
<body>
  <div class='ocr_page' id='page_1' title='image "./corneliitacitid00petegoog_0198.png"; bbox 0 0 3046 5032; ppageno 0'>
   <div class='ocr_carea' id='block_1_1' title="bbox 426 349 1352 444">
    <p class='ocr_par' dir='ltr' id='par_1_1' title="bbox 426 349 1352 444">
     <span class='ocr_line' id='line_1_1' title="bbox 426 349 1352 444; baseline 0.003 -24"><span class='ocrx_word' id='word_1_1' title='bbox 426 349 664 423; x_wconf 77' lang='lat' dir='ltr'><em>DJALOGUS</em></span> <span class='ocrx_word' id='word_1_2' title='bbox 682 358 751 420; x_wconf 83' lang='lat' dir='ltr'><strong>DE</strong></span> <span class='ocrx_word' id='word_1_3' title='bbox 773 357 861 421; x_wconf 79' lang='lat' dir='ltr'><strong>ORA</strong></span> <span class='ocrx_word' id='word_1_4' title='bbox 870 358 900 418; x_wconf 92' lang='lat' dir='ltr'><strong>T</strong></span> <span class='ocrx_word' id='word_1_5' title='bbox 898 357 1076 423; x_wconf 88' lang='lat' dir='ltr'><strong>ORIBUS.</strong></span> <span class='ocrx_word' id='word_1_6' title='bbox 1310 375 1352 444; x_wconf 84' lang='lat'><strong>93</strong></span> 
     </span>
    </p>
   </div>
   <div class='ocr_carea' id='block_1_2' title="bbox 137 528 1402 1618">
    <p class='ocr_par' dir='ltr' id='par_1_2' title="bbox 137 528 1402 1618">
     <span class='ocr_line' id='line_1_2' title="bbox 152 528 1352 614; baseline 0.001 -21"><span class='ocrx_word' id='word_1_7' title='bbox 152 528 258 593; x_wconf 88' lang='lat' dir='ltr'><strong>sarius</strong></span> <span class='ocrx_word' id='word_1_8' title='bbox 273 529 462 612; x_wconf 88' lang='lat' dir='ltr'><strong>exprobret,</strong></span> <span class='ocrx_word' id='word_1_9' title='bbox 478 528 540 614; x_wconf 91' lang='lat' dir='ltr'><strong>ipsi</strong></span> <span class='ocrx_word' id='word_1_10' title='bbox 555 529 697 613; x_wconf 92' lang='lat' dir='ltr'><strong>denique</strong></span> <span class='ocrx_word' id='word_1_11' title='bbox 712 530 865 595; x_wconf 89' lang='lat' dir='ltr'><strong>advocati</strong></span> <span class='ocrx_word' id='word_1_12' title='bbox 880 538 1107 612; x_wconf 86' lang='lat' dir='ltr'><strong>aspernentur.</strong></span> <span class='ocrx_word' id='word_1_13' title='bbox 1154 529 1260 613; x_wconf 82' lang='lat' dir='ltr'>Igitur</span> <span class='ocrx_word' id='word_1_14' title='bbox 1274 550 1352 594; x_wconf 90' lang='lat' dir='ltr'><strong>vera</strong></span> 
     </span>
     <span class='ocr_line' id='line_1_3' title="bbox 153 641 1351 724; baseline -0.001 -19"><span class='ocrx_word' id='word_1_15' title='bbox 153 641 266 705; x_wconf 90' lang='lat' dir='ltr'><strong>statim</strong></span> <span class='ocrx_word' id='word_1_16' title='bbox 297 651 331 706; x_wconf 91' lang='lat' dir='ltr'><strong>et</strong></span> <span class='ocrx_word' id='word_1_17' title='bbox 360 641 551 724; x_wconf 89' lang='lat' dir='ltr'><strong>incorrupta</strong></span> <span class='ocrx_word' id='word_1_18' title='bbox 580 642 772 724; x_wconf 88' lang='lat' dir='ltr'><strong>eloquentia</strong></span> <span class='ocrx_word' id='word_1_19' title='bbox 802 642 1053 720; x_wconf 83' lang='lat' dir='ltr'><strong>imbuebantur3</strong></span> <span class='ocrx_word' id='word_1_20' title='bbox 1085 649 1119 705; x_wconf 93' lang='lat' dir='ltr'><strong>et</strong></span> <span class='ocrx_word' id='word_1_21' title='bbox 1148 661 1351 724; x_wconf 92' lang='lat' dir='ltr'><strong>quamquam</strong></span> 
     </span>
     <span class='ocr_line' id='line_1_4' title="bbox 137 733 1352 836; baseline 0.001 -23"><span class='ocrx_word' id='word_1_22' title='bbox 137 733 257 813; x_wconf 41' lang='lat' dir='ltr'><strong>&#39;unum</strong></span> <span class='ocrx_word' id='word_1_23' title='bbox 281 763 506 833; x_wconf 85' lang='lat' dir='ltr'><strong>sequerentur,</strong></span> <span class='ocrx_word' id='word_1_24' title='bbox 531 763 644 818; x_wconf 89' lang='lat' dir='ltr'><strong>tamen</strong></span> <span class='ocrx_word' id='word_1_25' title='bbox 671 773 787 816; x_wconf 92' lang='lat' dir='ltr'><strong>omnes</strong></span> <span class='ocrx_word' id='word_1_26' title='bbox 817 753 964 816; x_wconf 90' lang='lat' dir='ltr'><strong>eiusdem</strong></span> <span class='ocrx_word' id='word_1_27' title='bbox 994 753 1114 817; x_wconf 91' lang='lat' dir='ltr'><strong>aetatis</strong></span> <span class='ocrx_word' id='word_1_28' title='bbox 1138 762 1295 836; x_wconf 90' lang='lat' dir='ltr'><strong>patronos</strong></span> <span class='ocrx_word' id='word_1_29' title='bbox 1320 753 1352 815; x_wconf 93' lang='lat' dir='ltr'><strong>in</strong></span> 
     </span>
     <span class='ocr_line' id='line_1_5' title="bbox 154 862 1399 949; baseline 0.001 -23"><span class='ocrx_word' id='word_1_30' title='bbox 154 862 305 944; x_wconf 89' lang='lat' dir='ltr'><strong>plurimis</strong></span> <span class='ocrx_word' id='word_1_31' title='bbox 325 873 358 927; x_wconf 91' lang='lat' dir='ltr'><strong>et</strong></span> <span class='ocrx_word' id='word_1_32' title='bbox 378 865 486 928; x_wconf 91' lang='lat' dir='ltr'><strong>causis</strong></span> <span class='ocrx_word' id='word_1_33' title='bbox 508 874 541 929; x_wconf 92' lang='lat' dir='ltr'><strong>et</strong></span> <span class='ocrx_word' id='word_1_34' title='bbox 568 866 696 930; x_wconf 91' lang='lat' dir='ltr'><strong>iudiciis</strong></span> <span class='ocrx_word' id='word_1_35' title='bbox 717 866 980 949; x_wconf 82' lang='lat' dir='ltr'><strong>cognoscebant3</strong></span> <span class='ocrx_word' id='word_1_36' title='bbox 1002 863 1236 947; x_wconf 89' lang='lat' dir='ltr'><strong>habebantque</strong></span> <span class='ocrx_word' id='word_1_37' title='bbox 1251 865 1353 946; x_wconf 92' lang='lat' dir='ltr'><strong>ipsius</strong></span> <span class='ocrx_word' id='word_1_38' title='bbox 1370 891 1399 942; x_wconf 84' lang='lat'><strong>15</strong></span> 
     </span>
     <span class='ocr_line' id='line_1_6' title="bbox 154 974 1354 1059; baseline 0 -21"><span class='ocrx_word' id='word_1_39' title='bbox 154 974 269 1056; x_wconf 91' lang='lat' dir='ltr'><strong>populi</strong></span> <span class='ocrx_word' id='word_1_40' title='bbox 295 975 589 1040; x_wconf 89' lang='lat' dir='ltr'><strong>diversissimarum</strong></span> <span class='ocrx_word' id='word_1_41' title='bbox 620 978 748 1040; x_wconf 88' lang='lat' dir='ltr'><strong>aurium</strong></span> <span class='ocrx_word' id='word_1_42' title='bbox 779 977 920 1058; x_wconf 93' lang='lat' dir='ltr'><strong>copiam,</strong></span> <span class='ocrx_word' id='word_1_43' title='bbox 947 997 991 1039; x_wconf 88' lang='lat' dir='ltr'><strong>ex</strong></span> <span class='ocrx_word' id='word_1_44' title='bbox 1018 996 1084 1059; x_wconf 91' lang='lat' dir='ltr'><strong>qua</strong></span> <span class='ocrx_word' id='word_1_45' title='bbox 1115 975 1210 1041; x_wconf 90' lang='lat' dir='ltr'><strong>sacile</strong></span> <span class='ocrx_word' id='word_1_46' title='bbox 1236 978 1354 1058; x_wconf 90' lang='lat' dir='ltr'><strong>depre-</strong></span> 
     </span>
     <span class='ocr_line' id='line_1_7' title="bbox 155 1087 1354 1173; baseline 0.001 -22"><span class='ocrx_word' id='word_1_47' title='bbox 155 1087 337 1152; x_wconf 88' lang='lat' dir='ltr'><strong>henderent</strong></span> <span class='ocrx_word' id='word_1_48' title='bbox 359 1089 438 1170; x_wconf 91' lang='lat' dir='ltr'><strong>quid</strong></span> <span class='ocrx_word' id='word_1_49' title='bbox 466 1090 498 1152; x_wconf 95' lang='lat' dir='ltr'><strong>in</strong></span> <span class='ocrx_word' id='word_1_50' title='bbox 524 1111 659 1172; x_wconf 91' lang='lat' dir='ltr'><strong>quoque</strong></span> <span class='ocrx_word' id='word_1_51' title='bbox 681 1089 734 1153; x_wconf 89' lang='lat' dir='ltr'><strong>vel</strong></span> <span class='ocrx_word' id='word_1_52' title='bbox 761 1091 957 1172; x_wconf 85' lang='lat' dir='ltr'><strong>probaretur</strong></span> <span class='ocrx_word' id='word_1_53' title='bbox 980 1090 1031 1152; x_wconf 91' lang='lat' dir='ltr'><strong>vel</strong></span> <span class='ocrx_word' id='word_1_54' title='bbox 1055 1089 1253 1173; x_wconf 89' lang='lat' dir='ltr'><strong>displiceret.</strong></span> <span class='ocrx_word' id='word_1_55' title='bbox 1301 1090 1354 1152; x_wconf 91' lang='lat' dir='ltr'><strong>lta</strong></span> 
     </span>
     <span class='ocr_line' id='line_1_8' title="bbox 155 1200 1352 1286; baseline 0.002 -25"><span class='ocrx_word' id='word_1_56' title='bbox 155 1219 216 1262; x_wconf 89' lang='lat' dir='ltr'><strong>nec</strong></span> <span class='ocrx_word' id='word_1_57' title='bbox 232 1210 427 1283; x_wconf 88' lang='lat' dir='ltr'><strong>praeceptor</strong></span> <span class='ocrx_word' id='word_1_58' title='bbox 438 1202 561 1280; x_wconf 88' lang='lat' dir='ltr'><strong>deerat,</strong></span> <span class='ocrx_word' id='word_1_59' title='bbox 573 1203 719 1284; x_wconf 89' lang='lat' dir='ltr'><strong>optimus</strong></span> <span class='ocrx_word' id='word_1_60' title='bbox 734 1203 869 1286; x_wconf 91' lang='lat' dir='ltr'><strong>quidem</strong></span> <span class='ocrx_word' id='word_1_61' title='bbox 882 1211 915 1265; x_wconf 91' lang='lat' dir='ltr'><strong>et</strong></span> <span class='ocrx_word' id='word_1_62' title='bbox 927 1200 1153 1280; x_wconf 91' lang='lat' dir='ltr'><strong>electissimus,</strong></span> <span class='ocrx_word' id='word_1_63' title='bbox 1164 1204 1220 1284; x_wconf 95' lang='lat' dir='ltr'><strong>qui</strong></span> <span class='ocrx_word' id='word_1_64' title='bbox 1235 1202 1352 1265; x_wconf 83' lang='lat' dir='ltr'><strong>faciem</strong></span> 
     </span>
     <span class='ocr_line' id='line_1_9' title="bbox 155 1310 1353 1397; baseline 0.003 -24"><span class='ocrx_word' id='word_1_65' title='bbox 155 1310 373 1394; x_wconf 88' lang='lat' dir='ltr'><strong>eloquentiae,</strong></span> <span class='ocrx_word' id='word_1_66' title='bbox 396 1333 463 1376; x_wconf 93' lang='lat' dir='ltr'><strong>non</strong></span> <span class='ocrx_word' id='word_1_67' title='bbox 484 1314 662 1396; x_wconf 88' lang='lat' dir='ltr'><strong>imaginem</strong></span> <span class='ocrx_word' id='word_1_68' title='bbox 687 1323 877 1397; x_wconf 88' lang='lat' dir='ltr'><strong>praestaret,</strong></span> <span class='ocrx_word' id='word_1_69' title='bbox 896 1334 955 1377; x_wconf 92' lang='lat' dir='ltr'><strong>nec</strong></span> <span class='ocrx_word' id='word_1_70' title='bbox 978 1315 1153 1378; x_wconf 89' lang='lat' dir='ltr'><strong>adversarii</strong></span> <span class='ocrx_word' id='word_1_71' title='bbox 1177 1325 1209 1378; x_wconf 90' lang='lat' dir='ltr'><strong>et</strong></span> <span class='ocrx_word' id='word_1_72' title='bbox 1232 1314 1353 1377; x_wconf 89' lang='lat' dir='ltr'><strong>aemuli</strong></span> 
     </span>
     <span class='ocr_line' id='line_1_10' title="bbox 155 1424 1402 1510; baseline 0.006 -24"><span class='ocrx_word' id='word_1_73' title='bbox 155 1424 250 1498; x_wconf 85' lang='lat' dir='ltr'><strong>ferro,</strong></span> <span class='ocrx_word' id='word_1_74' title='bbox 274 1445 339 1489; x_wconf 94' lang='lat' dir='ltr'><strong>non</strong></span> <span class='ocrx_word' id='word_1_75' title='bbox 363 1427 500 1489; x_wconf 90' lang='lat' dir='ltr'><strong>rudibus</strong></span> <span class='ocrx_word' id='word_1_76' title='bbox 522 1427 728 1504; x_wconf 88' lang='lat' dir='ltr'><strong>dimicantes,</strong></span> <span class='ocrx_word' id='word_1_77' title='bbox 750 1447 810 1490; x_wconf 90' lang='lat' dir='ltr'><strong>nec</strong></span> <span class='ocrx_word' id='word_1_78' title='bbox 832 1427 1031 1491; x_wconf 87' lang='lat' dir='ltr'><strong>auditorium</strong></span> <span class='ocrx_word' id='word_1_79' title='bbox 1055 1447 1186 1510; x_wconf 90' lang='lat' dir='ltr'><strong>semper</strong></span> <span class='ocrx_word' id='word_1_80' title='bbox 1208 1426 1353 1508; x_wconf 91' lang='lat' dir='ltr'><strong>plenum,</strong></span> <span class='ocrx_word' id='word_1_81' title='bbox 1370 1458 1402 1494; x_wconf 84' lang='lat'><strong>20</strong></span> 
     </span>
     <span class='ocr_line' id='line_1_11' title="bbox 155 1539 1356 1618; baseline 0.001 -19"><span class='ocrx_word' id='word_1_82' title='bbox 155 1555 286 1618; x_wconf 89' lang='lat' dir='ltr'><strong>semper</strong></span> <span class='ocrx_word' id='word_1_83' title='bbox 309 1557 440 1616; x_wconf 90' lang='lat' dir='ltr'><strong>novum,</strong></span> <span class='ocrx_word' id='word_1_84' title='bbox 463 1559 508 1601; x_wconf 91' lang='lat' dir='ltr'><strong>ex</strong></span> <span class='ocrx_word' id='word_1_85' title='bbox 532 1539 651 1603; x_wconf 89' lang='lat' dir='ltr'><strong>invidis</strong></span> <span class='ocrx_word' id='word_1_86' title='bbox 672 1548 705 1603; x_wconf 92' lang='lat' dir='ltr'><strong>et</strong></span> <span class='ocrx_word' id='word_1_87' title='bbox 726 1539 920 1613; x_wconf 87' lang='lat' dir='ltr'><strong>laventibus,</strong></span> <span class='ocrx_word' id='word_1_88' title='bbox 944 1548 982 1603; x_wconf 92' lang='lat' dir='ltr'><strong>ut</strong></span> <span class='ocrx_word' id='word_1_89' title='bbox 1001 1557 1062 1601; x_wconf 91' lang='lat' dir='ltr'><strong>nec</strong></span> <span class='ocrx_word' id='word_1_90' title='bbox 1085 1540 1168 1602; x_wconf 91' lang='lat' dir='ltr'><strong>bene</strong></span> <span class='ocrx_word' id='word_1_91' title='bbox 1190 1559 1246 1601; x_wconf 81' lang='lat' dir='ltr'><strong>nec</strong></span> <span class='ocrx_word' id='word_1_92' title='bbox 1266 1557 1356 1602; x_wconf 83' lang='lat' dir='ltr'><strong>secus</strong></span> 
     </span>
    </p>
   </div>
   <div class='ocr_carea' id='block_1_3' title="bbox 154 1671 1354 1804">
    <p class='ocr_par' dir='ltr' id='par_1_3' title="bbox 154 1671 1354 1804">
     <span class='ocr_line' id='line_1_12' title="bbox 190 1671 1354 1740; baseline 0.002 -20"><span class='ocrx_word' id='word_1_93' title='bbox 190 1671 226 1720; x_wconf 89' lang='lat'><strong>16.</strong></span> <span class='ocrx_word' id='word_1_94' title='bbox 239 1673 331 1737; x_wconf 78' lang='lat' dir='ltr'><strong>populi</strong></span> <span class='ocrx_word' id='word_1_95' title='bbox 340 1681 406 1723; x_wconf 92' lang='lat' dir='ltr'><strong>most</strong></span> <span class='ocrx_word' id='word_1_96' title='bbox 417 1674 498 1734; x_wconf 73' lang='lat' dir='ltr'><strong>codd,</strong></span> <span class='ocrx_word' id='word_1_97' title='bbox 505 1676 629 1740; x_wconf 78' lang='lat' dir='ltr'><strong>popula&#39;et</strong></span> <span class='ocrx_word' id='word_1_98' title='bbox 640 1675 704 1737; x_wconf 79' lang='lat' dir='ltr'><strong>EV,</strong></span> <span class='ocrx_word' id='word_1_99' title='bbox 737 1691 828 1739; x_wconf 69' lang='lat' dir='ltr'><strong>exque</strong></span> <span class='ocrx_word' id='word_1_100' title='bbox 844 1673 943 1724; x_wconf 89' lang='lat' dir='ltr'><strong>Meiser.</strong></span> <span class='ocrx_word' id='word_1_101' title='bbox 1027 1675 1064 1725; x_wconf 93' lang='lat'><strong>18.</strong></span> <span class='ocrx_word' id='word_1_102' title='bbox 1081 1675 1190 1739; x_wconf 80' lang='lat' dir='ltr'><strong>optimus</strong></span> <span class='ocrx_word' id='word_1_103' title='bbox 1200 1675 1243 1723; x_wconf 79' lang='lat' dir='ltr'><strong>illc</strong></span> <span class='ocrx_word' id='word_1_104' title='bbox 1254 1675 1354 1738; x_wconf 77' lang='lat' dir='ltr'><strong>quidm</strong></span> 
     </span>
     <span class='ocr_line' id='line_1_13' title="bbox 154 1737 1354 1804; baseline -0.001 -17"><span class='ocrx_word' id='word_1_105' title='bbox 154 1737 514 1804; x_wconf 81' lang='lat' dir='ltr'><strong>Baehrens,optimusquisque</strong></span> <span class='ocrx_word' id='word_1_106' title='bbox 523 1741 621 1792; x_wconf 90' lang='lat' dir='ltr'><strong>Meiser.</strong></span> <span class='ocrx_word' id='word_1_107' title='bbox 697 1755 735 1790; x_wconf 86' lang='lat' dir='ltr'><strong>ao.</strong></span> <span class='ocrx_word' id='word_1_108' title='bbox 748 1740 854 1789; x_wconf 79' lang='lat' dir='ltr'><strong>rudibus</strong></span> <span class='ocrx_word' id='word_1_109' title='bbox 864 1741 890 1788; x_wconf 90' lang='lat' dir='ltr'><strong>P.</strong></span> <span class='ocrx_word' id='word_1_110' title='bbox 901 1740 989 1800; x_wconf 87' lang='lat' dir='ltr'><strong>Faber,</strong></span> <span class='ocrx_word' id='word_1_111' title='bbox 997 1741 1100 1788; x_wconf 78' lang='lat' dir='ltr'><strong>sudibus</strong></span> <span class='ocrx_word' id='word_1_112' title='bbox 1108 1740 1181 1790; x_wconf 91' lang='lat' dir='ltr'><strong>codd.</strong></span> <span class='ocrx_word' id='word_1_113' title='bbox 1206 1739 1354 1800; x_wconf 87' lang='lat' dir='ltr'><strong>necSchele,</strong></span> 
     </span>
    </p>
   </div>
   <div class='ocr_carea' id='block_1_4' title="bbox 154 1803 1163 1869">
    <p class='ocr_par' dir='ltr' id='par_1_4' title="bbox 154 1803 1163 1869">
     <span class='ocr_line' id='line_1_14' title="bbox 154 1803 1163 1869; baseline 0.003 -18"><span class='ocrx_word' id='word_1_114' title='bbox 154 1803 198 1852; x_wconf 81' lang='lat' dir='ltr'><strong>sad</strong></span> <span class='ocrx_word' id='word_1_115' title='bbox 206 1803 277 1852; x_wconf 88' lang='lat' dir='ltr'><strong>codd.</strong></span> <span class='ocrx_word' id='word_1_116' title='bbox 312 1819 331 1850; x_wconf 91' lang='lat' dir='ltr'><strong>s.</strong></span> <span class='ocrx_word' id='word_1_117' title='bbox 339 1804 444 1867; x_wconf 80' lang='lat' dir='ltr'><strong>plenum</strong></span> <span class='ocrx_word' id='word_1_118' title='bbox 453 1821 472 1854; x_wconf 92' lang='lat' dir='ltr'><strong>s.</strong></span> <span class='ocrx_word' id='word_1_119' title='bbox 480 1821 572 1854; x_wconf 85' lang='lat' dir='ltr'><strong>navum</strong></span> <span class='ocrx_word' id='word_1_120' title='bbox 585 1807 619 1855; x_wconf 90' lang='lat' dir='ltr'><strong>all</strong></span> <span class='ocrx_word' id='word_1_121' title='bbox 631 1807 705 1856; x_wconf 89' lang='lat' dir='ltr'><strong>codd.</strong></span> <span class='ocrx_word' id='word_1_122' title='bbox 719 1813 805 1869; x_wconf 86' lang='lat' dir='ltr'><strong>except</strong></span> <span class='ocrx_word' id='word_1_123' title='bbox 817 1807 837 1854; x_wconf 93' lang='lat' dir='ltr'><strong>C</strong></span> <span class='ocrx_word' id='word_1_124' title='bbox 860 1808 890 1867; x_wconf 85' lang='lat' dir='ltr'><strong>(s.</strong></span> <span class='ocrx_word' id='word_1_125' title='bbox 903 1821 996 1853; x_wconf 85' lang='lat' dir='ltr'><strong>novum</strong></span> <span class='ocrx_word' id='word_1_126' title='bbox 1008 1821 1026 1854; x_wconf 88' lang='lat' dir='ltr'><strong>s.</strong></span> <span class='ocrx_word' id='word_1_127' title='bbox 1036 1806 1163 1869; x_wconf 69' lang='lat' dir='ltr'><strong>plenum).</strong></span> 
     </span>
    </p>
   </div>
   <div class='ocr_carea' id='block_1_5' title="bbox 1230 1805 1353 1854">
    <p class='ocr_par' dir='ltr' id='par_1_5' title="bbox 1230 1805 1353 1854">
     <span class='ocr_line' id='line_1_15' title="bbox 1230 1805 1353 1854; baseline 0.008 -2"><span class='ocrx_word' id='word_1_128' title='bbox 1230 1819 1268 1854; x_wconf 83' lang='grc'><strong>11.</strong></span> <span class='ocrx_word' id='word_1_129' title='bbox 1288 1805 1353 1853; x_wconf 82' lang='lat' dir='ltr'><strong>mix-</strong></span> 
     </span>
    </p>
   </div>
   <div class='ocr_carea' id='block_1_6' title="bbox 155 1868 1355 2001">
    <p class='ocr_par' dir='ltr' id='par_1_6' title="bbox 155 1868 1355 2001">
     <span class='ocr_line' id='line_1_16' title="bbox 155 1868 1355 1935; baseline 0.002 -19"><span class='ocrx_word' id='word_1_130' title='bbox 155 1875 253 1917; x_wconf 80' lang='lat' dir='ltr'><strong>tumax</strong></span> <span class='ocrx_word' id='word_1_131' title='bbox 262 1868 397 1918; x_wconf 86' lang='lat' dir='ltr'><strong>Andresen.</strong></span> <span class='ocrx_word' id='word_1_132' title='bbox 442 1870 580 1920; x_wconf 80' lang='lat' dir='ltr'><strong>brevitarC</strong></span> <span class='ocrx_word' id='word_1_133' title='bbox 599 1872 736 1935; x_wconf 70' lang='lat' dir='ltr'><strong>(sorbent).</strong></span> <span class='ocrx_word' id='word_1_134' title='bbox 770 1887 813 1919; x_wconf 85' lang='lat' dir='ltr'><strong>nec</strong></span> <span class='ocrx_word' id='word_1_135' title='bbox 828 1886 895 1919; x_wconf 82' lang='lat' dir='ltr'><strong>secus</strong></span> <span class='ocrx_word' id='word_1_136' title='bbox 905 1869 1028 1934; x_wconf 82' lang='lat' dir='ltr'><strong>Schopen.</strong></span> <span class='ocrx_word' id='word_1_137' title='bbox 1041 1886 1084 1919; x_wconf 80' lang='lat' dir='ltr'><strong>nec</strong></span> <span class='ocrx_word' id='word_1_138' title='bbox 1098 1872 1162 1919; x_wconf 80' lang='lat' dir='ltr'><strong>male</strong></span> <span class='ocrx_word' id='word_1_139' title='bbox 1173 1871 1290 1919; x_wconf 88' lang='lat' dir='ltr'><strong>Pithoeus</strong></span> <span class='ocrx_word' id='word_1_140' title='bbox 1301 1871 1355 1932; x_wconf 81' lang='lat' dir='ltr'><strong>(nec</strong></span> 
     </span>
     <span class='ocr_line' id='line_1_17' title="bbox 155 1933 1283 2001; baseline 0.004 -19"><span class='ocrx_word' id='word_1_141' title='bbox 155 1934 219 1983; x_wconf 80' lang='lat' dir='ltr'><strong>male</strong></span> <span class='ocrx_word' id='word_1_142' title='bbox 231 1949 274 1982; x_wconf 84' lang='lat' dir='ltr'><strong>nec</strong></span> <span class='ocrx_word' id='word_1_143' title='bbox 284 1933 341 1982; x_wconf 80' lang='lat' dir='ltr'><strong>bene</strong></span> <span class='ocrx_word' id='word_1_144' title='bbox 352 1935 481 1998; x_wconf 86' lang='lat' dir='ltr'><strong>Agricola,</strong></span> <span class='ocrx_word' id='word_1_145' title='bbox 494 1937 518 1984; x_wconf 94' lang='lat' dir='ltr'>N</span> <span class='ocrx_word' id='word_1_146' title='bbox 520 1936 605 2001; x_wconf 82' lang='lat' dir='ltr'><strong>ovak).</strong></span> <span class='ocrx_word' id='word_1_147' title='bbox 618 1953 660 1987; x_wconf 83' lang='lat' dir='ltr'><strong>nac</strong></span> <span class='ocrx_word' id='word_1_148' title='bbox 672 1938 758 1986; x_wconf 83' lang='lat' dir='ltr'><strong>minus</strong></span> <span class='ocrx_word' id='word_1_149' title='bbox 768 1937 825 1985; x_wconf 79' lang='lat' dir='ltr'><strong>bena</strong></span> <span class='ocrx_word' id='word_1_150' title='bbox 837 1937 973 1996; x_wconf 84' lang='lat' dir='ltr'><strong>Andresen,</strong></span> <span class='ocrx_word' id='word_1_151' title='bbox 985 1950 1028 1984; x_wconf 83' lang='lat' dir='ltr'><strong>nec</strong></span> <span class='ocrx_word' id='word_1_152' title='bbox 1032 1943 1128 2000; x_wconf 82' lang='lat' dir='ltr'><strong>pamm</strong></span> <span class='ocrx_word' id='word_1_153' title='bbox 1140 1935 1197 1985; x_wconf 79' lang='lat' dir='ltr'><strong>dena</strong></span> <span class='ocrx_word' id='word_1_154' title='bbox 1208 1937 1283 1999; x_wconf 89' lang='lat' dir='ltr'><strong>John.</strong></span> 
     </span>
    </p>
   </div>
   <div class='ocr_carea' id='block_1_7' title="bbox 155 2039 735 4522">
    <p class='ocr_par' dir='ltr' id='par_1_7' title="bbox 155 2039 733 2435">
     <span class='ocr_line' id='line_1_18' title="bbox 155 2039 728 2104; baseline 0.007 -14"><span class='ocrx_word' id='word_1_155' title='bbox 155 2039 304 2090; x_wconf 84' lang='lat' dir='ltr'><strong>contradicit</strong></span> <span class='ocrx_word' id='word_1_156' title='bbox 323 2047 396 2104; x_wconf 86' lang='lat' dir='ltr'><strong>atque</strong></span> <span class='ocrx_word' id='word_1_157' title='bbox 415 2042 451 2092; x_wconf 86' lang='lat' dir='ltr'><strong>ita</strong></span> <span class='ocrx_word' id='word_1_158' title='bbox 470 2059 559 2094; x_wconf 87' lang='lat' dir='ltr'><strong>causae</strong></span> <span class='ocrx_word' id='word_1_159' title='bbox 574 2059 633 2094; x_wconf 90' lang='lat' dir='ltr'><strong>suae</strong></span> <span class='ocrx_word' id='word_1_160' title='bbox 648 2051 728 2104; x_wconf 89' lang='lat' dir='ltr'><strong>nocet,</strong></span> 
     </span>
     <span class='ocr_line' id='line_1_19' title="bbox 156 2105 729 2172; baseline 0.003 -16"><span class='ocrx_word' id='word_1_161' title='bbox 156 2106 187 2156; x_wconf 92' lang='lat' dir='ltr'><strong>G.</strong></span> <span class='ocrx_word' id='word_1_162' title='bbox 200 2105 249 2154; x_wconf 92' lang='lat' dir='ltr'><strong>and</strong></span> <span class='ocrx_word' id='word_1_163' title='bbox 261 2106 294 2156; x_wconf 89' lang='lat' dir='ltr'><strong>G.</strong></span> <span class='ocrx_word' id='word_1_164' title='bbox 329 2105 387 2156; x_wconf 86' lang='lat' dir='ltr'><strong>Seu.</strong></span> <span class='ocrx_word' id='word_1_165' title='bbox 399 2108 430 2156; x_wconf 89' lang='lat' dir='ltr'><strong>de</strong></span> <span class='ocrx_word' id='word_1_166' title='bbox 444 2109 502 2159; x_wconf 85' lang='lat' dir='ltr'><strong>Ben.</strong></span> <span class='ocrx_word' id='word_1_167' title='bbox 518 2110 551 2158; x_wconf 85' lang='lat' dir='ltr'><strong>vi.</strong></span> <span class='ocrx_word' id='word_1_168' title='bbox 564 2110 587 2169; x_wconf 91' lang='lat'><strong>8,</strong></span> <span class='ocrx_word' id='word_1_169' title='bbox 604 2126 620 2172; x_wconf 86' lang='lat'>4</span> <span class='ocrx_word' id='word_1_170' title='bbox 635 2110 729 2158; x_wconf 86' lang='lat' dir='ltr'><strong>Adver-</strong></span> 
     </span>
     <span class='ocr_line' id='line_1_20' title="bbox 155 2170 730 2224; baseline 0.007 -4"><span class='ocrx_word' id='word_1_171' title='bbox 155 2171 233 2220; x_wconf 87' lang='lat' dir='ltr'><strong>sarius</strong></span> <span class='ocrx_word' id='word_1_172' title='bbox 244 2186 314 2220; x_wconf 86' lang='lat' dir='ltr'><strong>meus</strong></span> <span class='ocrx_word' id='word_1_173' title='bbox 322 2170 382 2220; x_wconf 89' lang='lat' dir='ltr'><strong>dum</strong></span> <span class='ocrx_word' id='word_1_174' title='bbox 391 2175 512 2224; x_wconf 86' lang='lat' dir='ltr'><strong>contraria</strong></span> <span class='ocrx_word' id='word_1_175' title='bbox 521 2174 581 2224; x_wconf 91' lang='lat' dir='ltr'><strong>dicit</strong></span> <span class='ocrx_word' id='word_1_176' title='bbox 590 2183 614 2224; x_wconf 90' lang='lat' dir='ltr'><strong>et</strong></span> <span class='ocrx_word' id='word_1_177' title='bbox 623 2175 730 2224; x_wconf 90' lang='lat' dir='ltr'><strong>indicem</strong></span> 
     </span>
     <span class='ocr_line' id='line_1_21' title="bbox 156 2235 730 2299; baseline 0.007 -15"><span class='ocrx_word' id='word_1_178' title='bbox 156 2235 271 2299; x_wconf 90' lang='lat' dir='ltr'><strong>superbia</strong></span> <span class='ocrx_word' id='word_1_179' title='bbox 310 2235 413 2287; x_wconf 82' lang='lat' dir='ltr'><strong>offendit</strong></span> <span class='ocrx_word' id='word_1_180' title='bbox 430 2275 437 2289; x_wconf 90' lang='lat'><strong>.</strong></span> <span class='ocrx_word' id='word_1_181' title='bbox 457 2278 463 2290; x_wconf 92' lang='lat'><strong>.</strong></span> <span class='ocrx_word' id='word_1_182' title='bbox 485 2276 490 2289; x_wconf 94' lang='lat'><strong>.</strong></span> <span class='ocrx_word' id='word_1_183' title='bbox 509 2256 609 2290; x_wconf 86' lang='lat' dir='ltr'><strong>causam</strong></span> <span class='ocrx_word' id='word_1_184' title='bbox 648 2256 730 2288; x_wconf 88' lang='lat' dir='ltr'><strong>meam</strong></span> 
     </span>
     <span class='ocr_line' id='line_1_22' title="bbox 155 2300 733 2355; baseline 0.007 -6"><span class='ocrx_word' id='word_1_185' title='bbox 155 2301 238 2349; x_wconf 85' lang='lat' dir='ltr'><strong>erexit.</strong></span> <span class='ocrx_word' id='word_1_186' title='bbox 282 2300 333 2350; x_wconf 88' lang='lat' dir='ltr'><strong>For</strong></span> <span class='ocrx_word' id='word_1_187' title='bbox 351 2306 494 2353; x_wconf 83' lang='lat' dir='ltr'><strong>contrarius</strong></span> <span class='ocrx_word' id='word_1_188' title='bbox 514 2305 539 2353; x_wconf 90' lang='lat' dir='ltr'><strong>in</strong></span> <span class='ocrx_word' id='word_1_189' title='bbox 559 2306 602 2355; x_wconf 92' lang='lat' dir='ltr'><strong>the</strong></span> <span class='ocrx_word' id='word_1_190' title='bbox 619 2321 687 2354; x_wconf 90' lang='lat' dir='ltr'><strong>sense</strong></span> <span class='ocrx_word' id='word_1_191' title='bbox 704 2304 733 2354; x_wconf 86' lang='lat' dir='ltr'><strong>oi</strong></span> 
     </span>
     <span class='ocr_line' id='line_1_23' title="bbox 156 2365 704 2435; baseline 0.015 -23"><span class='ocrx_word' id='word_1_192' title='bbox 156 2365 249 2413; x_wconf 81' lang='lat' dir='ltr'><strong>noxius</strong></span> <span class='ocrx_word' id='word_1_193' title='bbox 260 2382 287 2414; x_wconf 91' lang='lat' dir='ltr'><strong>or</strong></span> <span class='ocrx_word' id='word_1_194' title='bbox 298 2367 438 2428; x_wconf 84' lang='lat' dir='ltr'><strong>damnosus,</strong></span> <span class='ocrx_word' id='word_1_195' title='bbox 451 2387 490 2435; x_wconf 91' lang='lat' dir='ltr'><strong>cp.</strong></span> <span class='ocrx_word' id='word_1_196' title='bbox 505 2372 544 2420; x_wconf 79' lang='lat'><strong>³5.</strong></span> <span class='ocrx_word' id='word_1_197' title='bbox 559 2384 597 2431; x_wconf 84' lang='lat'><strong>12,</strong></span> <span class='ocrx_word' id='word_1_198' title='bbox 611 2373 650 2421; x_wconf 81' lang='grc'><strong>89.</strong></span> <span class='ocrx_word' id='word_1_199' title='bbox 667 2384 704 2420; x_wconf 88' lang='grc'><strong>10.</strong></span> 
     </span>
    </p>

    <p class='ocr_par' dir='ltr' id='par_1_8' title="bbox 156 2435 734 2761">
     <span class='ocr_line' id='line_1_24' title="bbox 190 2435 731 2487; baseline 0.011 -10"><span class='ocrx_word' id='word_1_200' title='bbox 190 2445 246 2487; x_wconf 86' lang='lat' dir='ltr'><strong>quo</strong></span> <span class='ocrx_word' id='word_1_201' title='bbox 263 2435 365 2482; x_wconf 80' lang='lat' dir='ltr'><strong>minus.</strong></span> <span class='ocrx_word' id='word_1_202' title='bbox 407 2436 469 2484; x_wconf 89' lang='lat' dir='ltr'><strong>This</strong></span> <span class='ocrx_word' id='word_1_203' title='bbox 486 2436 569 2486; x_wconf 89' lang='lat' dir='ltr'><strong>clause</strong></span> <span class='ocrx_word' id='word_1_204' title='bbox 585 2437 606 2485; x_wconf 91' lang='lat' dir='ltr'><strong>is</strong></span> <span class='ocrx_word' id='word_1_205' title='bbox 622 2435 731 2486; x_wconf 87' lang='lat' dir='ltr'><strong>remark·</strong></span> 
     </span>
     <span class='ocr_line' id='line_1_25' title="bbox 157 2496 734 2564; baseline 0.007 -20"><span class='ocrx_word' id='word_1_206' title='bbox 157 2496 221 2554; x_wconf 90' lang='lat' dir='ltr'><strong>able,</strong></span> <span class='ocrx_word' id='word_1_207' title='bbox 234 2496 259 2544; x_wconf 90' lang='lat' dir='ltr'><strong>in</strong></span> <span class='ocrx_word' id='word_1_208' title='bbox 270 2496 312 2545; x_wconf 85' lang='lat' dir='ltr'><strong>the</strong></span> <span class='ocrx_word' id='word_1_209' title='bbox 324 2497 376 2548; x_wconf 89' lang='lat' dir='ltr'><strong>first</strong></span> <span class='ocrx_word' id='word_1_210' title='bbox 388 2499 465 2564; x_wconf 86' lang='lat' dir='ltr'><strong>place,</strong></span> <span class='ocrx_word' id='word_1_211' title='bbox 477 2517 546 2551; x_wconf 88' lang='lat' dir='ltr'><strong>asan</strong></span> <span class='ocrx_word' id='word_1_212' title='bbox 562 2503 689 2551; x_wconf 87' lang='lat' dir='ltr'><strong>extension</strong></span> <span class='ocrx_word' id='word_1_213' title='bbox 705 2501 734 2550; x_wconf 85' lang='lat' dir='ltr'><strong>oi</strong></span> 
     </span>
     <span class='ocr_line' id='line_1_26' title="bbox 157 2561 730 2631; baseline 0.009 -22"><span class='ocrx_word' id='word_1_214' title='bbox 157 2562 200 2610; x_wconf 89' lang='lat' dir='ltr'><strong>the</strong></span> <span class='ocrx_word' id='word_1_215' title='bbox 217 2561 272 2610; x_wconf 90' lang='lat' dir='ltr'><strong>idea</strong></span> <span class='ocrx_word' id='word_1_216' title='bbox 289 2564 421 2614; x_wconf 89' lang='lat' dir='ltr'><strong>contained</strong></span> <span class='ocrx_word' id='word_1_217' title='bbox 437 2567 462 2614; x_wconf 91' lang='lat' dir='ltr'><strong>in</strong></span> <span class='ocrx_word' id='word_1_218' title='bbox 480 2568 591 2631; x_wconf 77' lang='lat' dir='ltr'><strong>impunc,</strong></span> <span class='ocrx_word' id='word_1_219' title='bbox 610 2568 659 2616; x_wconf 86' lang='lat' dir='ltr'><strong>aud</strong></span> <span class='ocrx_word' id='word_1_220' title='bbox 676 2566 730 2616; x_wconf 88' lang='lat' dir='ltr'><strong>also</strong></span> 
     </span>
     <span class='ocr_line' id='line_1_27' title="bbox 156 2626 730 2696; baseline 0.014 -22"><span class='ocrx_word' id='word_1_221' title='bbox 156 2626 194 2675; x_wconf 83' lang='lat' dir='ltr'><strong>sor</strong></span> <span class='ocrx_word' id='word_1_222' title='bbox 206 2626 248 2676; x_wconf 88' lang='lat' dir='ltr'><strong>the</strong></span> <span class='ocrx_word' id='word_1_223' title='bbox 259 2630 416 2691; x_wconf 82' lang='lat' dir='ltr'><strong>exceptional</strong></span> <span class='ocrx_word' id='word_1_224' title='bbox 427 2647 469 2681; x_wconf 91' lang='lat' dir='ltr'><strong>use</strong></span> <span class='ocrx_word' id='word_1_225' title='bbox 481 2632 509 2681; x_wconf 87' lang='lat' dir='ltr'><strong>ol</strong></span> <span class='ocrx_word' id='word_1_226' title='bbox 521 2648 569 2696; x_wconf 88' lang='lat' dir='ltr'><strong>quo</strong></span> <span class='ocrx_word' id='word_1_227' title='bbox 581 2633 667 2681; x_wconf 68' lang='lat' dir='ltr'><strong>naritus</strong></span> <span class='ocrx_word' id='word_1_228' title='bbox 681 2635 730 2696; x_wconf 83' lang='lat' dir='ltr'><strong>(cp.</strong></span> 
     </span>
     <span class='ocr_line' id='line_1_28' title="bbox 157 2691 566 2761; baseline 0.012 -22"><span class='ocrx_word' id='word_1_229' title='bbox 157 2707 189 2740; x_wconf 91' lang='lat' dir='ltr'><strong>on</strong></span> <span class='ocrx_word' id='word_1_230' title='bbox 201 2694 224 2740; x_wconf 84' lang='lat'><strong>3.</strong></span> <span class='ocrx_word' id='word_1_231' title='bbox 239 2691 279 2755; x_wconf 89' lang='lat'><strong>15)</strong></span> <span class='ocrx_word' id='word_1_232' title='bbox 292 2693 332 2741; x_wconf 84' lang='lat' dir='ltr'><strong>sor</strong></span> <span class='ocrx_word' id='word_1_233' title='bbox 342 2697 415 2760; x_wconf 79' lang='lat' dir='ltr'><strong>quin,</strong></span> <span class='ocrx_word' id='word_1_234' title='bbox 427 2698 491 2761; x_wconf 87' lang='lat' dir='ltr'><strong>quin</strong></span> <span class='ocrx_word' id='word_1_235' title='bbox 502 2713 566 2746; x_wconf 75' lang='lat' dir='ltr'><strong>euna.</strong></span> 
     </span>
    </p>

    <p class='ocr_par' dir='ltr' id='par_1_9' title="bbox 188 2763 605 2826">
     <span class='ocr_line' id='line_1_29' title="bbox 188 2763 605 2826; baseline 0.01 -21"><span class='ocrx_word' id='word_1_236' title='bbox 188 2764 318 2814; x_wconf 71' lang='lat' dir='ltr'><strong>manusb:</strong></span> <span class='ocrx_word' id='word_1_237' title='bbox 335 2776 375 2825; x_wconf 90' lang='lat' dir='ltr'><strong>cp.</strong></span> <span class='ocrx_word' id='word_1_238' title='bbox 387 2763 472 2824; x_wconf 90' lang='lat' dir='ltr'><strong>Quint.</strong></span> <span class='ocrx_word' id='word_1_239' title='bbox 484 2763 516 2811; x_wconf 89' lang='lat' dir='ltr'><strong>vi.</strong></span> <span class='ocrx_word' id='word_1_240' title='bbox 528 2778 552 2824; x_wconf 87' lang='lat'><strong>4,</strong></span> <span class='ocrx_word' id='word_1_241' title='bbox 568 2776 605 2826; x_wconf 89' lang='lat'><strong>19.</strong></span> 
     </span>
    </p>

    <p class='ocr_par' dir='ltr' id='par_1_10' title="bbox 156 2826 735 3544">
     <span class='ocr_line' id='line_1_30' title="bbox 192 2826 730 2886; baseline 0.013 -17"><span class='ocrx_word' id='word_1_242' title='bbox 192 2835 229 2870; x_wconf 85' lang='lat'><strong>12.</strong></span> <span class='ocrx_word' id='word_1_243' title='bbox 247 2826 304 2879; x_wconf 86' lang='lat' dir='ltr'><strong>ipsi</strong></span> <span class='ocrx_word' id='word_1_244' title='bbox 323 2861 329 2874; x_wconf 92' lang='lat'><strong>.</strong></span> <span class='ocrx_word' id='word_1_245' title='bbox 346 2862 352 2875; x_wconf 90' lang='lat'><strong>.</strong></span> <span class='ocrx_word' id='word_1_246' title='bbox 369 2864 375 2875; x_wconf 90' lang='lat'><strong>.</strong></span> <span class='ocrx_word' id='word_1_247' title='bbox 394 2831 532 2886; x_wconf 81' lang='lat' dir='ltr'><strong>advocati,</strong></span> <span class='ocrx_word' id='word_1_248' title='bbox 563 2826 647 2877; x_wconf 85' lang='lat' dir='ltr'><strong>‘one&#39;s</strong></span> <span class='ocrx_word' id='word_1_249' title='bbox 674 2844 730 2876; x_wconf 88' lang='lat' dir='ltr'><strong>own</strong></span> 
     </span>
     <span class='ocr_line' id='line_1_31' title="bbox 157 2887 731 2956; baseline 0.01 -21"><span class='ocrx_word' id='word_1_250' title='bbox 157 2887 319 2951; x_wconf 82' lang='lat' dir='ltr'><strong>supporters‘</strong></span> <span class='ocrx_word' id='word_1_251' title='bbox 352 2891 414 2940; x_wconf 87' lang='lat' dir='ltr'><strong>This</strong></span> <span class='ocrx_word' id='word_1_252' title='bbox 432 2893 453 2941; x_wconf 87' lang='lat' dir='ltr'><strong>is</strong></span> <span class='ocrx_word' id='word_1_253' title='bbox 469 2895 511 2942; x_wconf 89' lang='lat' dir='ltr'><strong>the</strong></span> <span class='ocrx_word' id='word_1_254' title='bbox 528 2893 598 2943; x_wconf 91' lang='lat' dir='ltr'><strong>older</strong></span> <span class='ocrx_word' id='word_1_255' title='bbox 615 2895 731 2956; x_wconf 83' lang='lat' dir='ltr'><strong>meaning</strong></span> 
     </span>
     <span class='ocr_line' id='line_1_32' title="bbox 158 2954 735 3018; baseline 0.01 -18"><span class='ocrx_word' id='word_1_256' title='bbox 158 2954 186 3001; x_wconf 85' lang='lat' dir='ltr'><strong>oi</strong></span> <span class='ocrx_word' id='word_1_257' title='bbox 195 2954 236 3001; x_wconf 88' lang='lat' dir='ltr'><strong>the</strong></span> <span class='ocrx_word' id='word_1_258' title='bbox 247 2955 324 3014; x_wconf 85' lang='lat' dir='ltr'><strong>word,</strong></span> <span class='ocrx_word' id='word_1_259' title='bbox 337 2972 365 3006; x_wconf 89' lang='lat' dir='ltr'><strong>as</strong></span> <span class='ocrx_word' id='word_1_260' title='bbox 380 2959 406 3006; x_wconf 90' lang='lat' dir='ltr'><strong>in</strong></span> <span class='ocrx_word' id='word_1_261' title='bbox 418 2958 515 3018; x_wconf 89' lang='lat' dir='ltr'><strong>Cicero,</strong></span> <span class='ocrx_word' id='word_1_262' title='bbox 528 2959 585 3007; x_wconf 83' lang='lat' dir='ltr'><strong>who</strong></span> <span class='ocrx_word' id='word_1_263' title='bbox 599 2975 654 3008; x_wconf 84' lang='lat' dir='ltr'><strong>uses</strong></span> <span class='ocrx_word' id='word_1_264' title='bbox 670 2959 689 3007; x_wconf 91' lang='lat' dir='ltr'><strong>it</strong></span> <span class='ocrx_word' id='word_1_265' title='bbox 705 2959 735 3006; x_wconf 85' lang='lat' dir='ltr'><strong>oi</strong></span> 
     </span>
     <span class='ocr_line' id='line_1_33' title="bbox 157 3019 732 3073; baseline 0.007 -5"><span class='ocrx_word' id='word_1_266' title='bbox 157 3019 228 3068; x_wconf 88' lang='lat' dir='ltr'><strong>those</strong></span> <span class='ocrx_word' id='word_1_267' title='bbox 251 3020 309 3068; x_wconf 92' lang='lat' dir='ltr'><strong>who</strong></span> <span class='ocrx_word' id='word_1_268' title='bbox 331 3021 383 3072; x_wconf 89' lang='lat' dir='ltr'><strong>lent</strong></span> <span class='ocrx_word' id='word_1_269' title='bbox 405 3022 468 3072; x_wconf 89' lang='lat' dir='ltr'><strong>their</strong></span> <span class='ocrx_word' id='word_1_270' title='bbox 490 3033 655 3073; x_wconf 87' lang='lat' dir='ltr'><strong>countenance</strong></span> <span class='ocrx_word' id='word_1_271' title='bbox 681 3023 732 3072; x_wconf 87' lang='lat' dir='ltr'><strong>aud</strong></span> 
     </span>
     <span class='ocr_line' id='line_1_34' title="bbox 156 3085 731 3196; baseline 0.01 -66"><span class='ocrx_word' id='word_1_272' title='bbox 156 3085 271 3196; x_wconf 72' lang='lat' dir='ltr'><strong>personal</strong></span> <span class='ocrx_word' id='word_1_273' title='bbox 283 3098 386 3150; x_wconf 85' lang='lat' dir='ltr'><strong>support</strong></span> <span class='ocrx_word' id='word_1_274' title='bbox 397 3096 425 3136; x_wconf 92' lang='lat' dir='ltr'><strong>to</strong></span> <span class='ocrx_word' id='word_1_275' title='bbox 436 3104 451 3137; x_wconf 89' lang='lat' dir='ltr'><strong>a</strong></span> <span class='ocrx_word' id='word_1_276' title='bbox 463 3087 548 3147; x_wconf 85' lang='lat' dir='ltr'><strong>friend,</strong></span> <span class='ocrx_word' id='word_1_277' title='bbox 561 3089 694 3153; x_wconf 86' lang='lat' dir='ltr'><strong>especially</strong></span> <span class='ocrx_word' id='word_1_278' title='bbox 706 3090 731 3136; x_wconf 92' lang='lat' dir='ltr'><strong>in</strong></span> 
     </span>
     <span class='ocr_line' id='line_1_35' title="bbox 167 3149 731 3218; baseline 0.011 -22"><span class='ocrx_word' id='word_1_279' title='bbox 167 3149 224 3211; x_wconf 87' lang='lat' dir='ltr'><strong>egal</strong></span> <span class='ocrx_word' id='word_1_280' title='bbox 252 3158 362 3213; x_wconf 86' lang='lat' dir='ltr'><strong>matters,</strong></span> <span class='ocrx_word' id='word_1_281' title='bbox 384 3170 405 3202; x_wconf 90' lang='lat' dir='ltr'><strong>e.</strong></span> <span class='ocrx_word' id='word_1_282' title='bbox 413 3170 438 3218; x_wconf 90' lang='lat' dir='ltr'><strong>g.</strong></span> <span class='ocrx_word' id='word_1_283' title='bbox 462 3155 530 3203; x_wconf 89' lang='lat' dir='ltr'><strong>Brut.</strong></span> <span class='ocrx_word' id='word_1_284' title='bbox 555 3157 568 3212; x_wconf 69' lang='grc'><strong>5</strong></span> <span class='ocrx_word' id='word_1_285' title='bbox 595 3155 656 3217; x_wconf 79' lang='lat'>2893</span> <span class='ocrx_word' id='word_1_286' title='bbox 685 3169 731 3218; x_wconf 91' lang='lat' dir='ltr'><strong>pro</strong></span> 
     </span>
     <span class='ocr_line' id='line_1_36' title="bbox 157 3214 731 3282; baseline 0.005 -19"><span class='ocrx_word' id='word_1_287' title='bbox 157 3214 256 3264; x_wconf 84' lang='lat' dir='ltr'><strong>Cluent</strong></span> <span class='ocrx_word' id='word_1_288' title='bbox 270 3221 282 3274; x_wconf 68' lang='grc' dir='ltr'><strong>ξ</strong></span> <span class='ocrx_word' id='word_1_289' title='bbox 295 3230 349 3278; x_wconf 87' lang='grc'>110,</span> <span class='ocrx_word' id='word_1_290' title='bbox 358 3220 413 3278; x_wconf 80' lang='lat' dir='ltr'><strong>ib.§</strong></span> <span class='ocrx_word' id='word_1_291' title='bbox 424 3233 462 3282; x_wconf 86' lang='lat'><strong>54,</strong></span> <span class='ocrx_word' id='word_1_292' title='bbox 472 3220 554 3268; x_wconf 90' lang='lat' dir='ltr'><strong>where</strong></span> <span class='ocrx_word' id='word_1_293' title='bbox 562 3234 601 3268; x_wconf 89' lang='lat' dir='ltr'><strong>see</strong></span> <span class='ocrx_word' id='word_1_294' title='bbox 610 3217 731 3268; x_wconf 86' lang='lat' dir='ltr'><strong>Fausset&#39;s</strong></span> 
     </span>
     <span class='ocr_line' id='line_1_37' title="bbox 156 3281 732 3348; baseline 0.005 -21"><span class='ocrx_word' id='word_1_295' title='bbox 156 3287 222 3327; x_wconf 84' lang='lat' dir='ltr'><strong>note.</strong></span> <span class='ocrx_word' id='word_1_296' title='bbox 245 3281 281 3344; x_wconf 94' lang='lat' dir='ltr'><strong>By</strong></span> <span class='ocrx_word' id='word_1_297' title='bbox 289 3283 429 3345; x_wconf 85' lang='lat' dir='ltr'><strong>Quintilian</strong></span> <span class='ocrx_word' id='word_1_298' title='bbox 437 3286 568 3333; x_wconf 81' lang='lat' dir='ltr'><strong>advocatus</strong></span> <span class='ocrx_word' id='word_1_299' title='bbox 577 3285 597 3333; x_wconf 91' lang='lat' dir='ltr'><strong>is</strong></span> <span class='ocrx_word' id='word_1_300' title='bbox 606 3283 732 3348; x_wconf 86' lang='lat' dir='ltr'><strong>generally</strong></span> 
     </span>
     <span class='ocr_line' id='line_1_38' title="bbox 158 3350 731 3414; baseline -0.014 -10"><span class='ocrx_word' id='word_1_301' title='bbox 158 3355 218 3404; x_wconf 85' lang='lat' dir='ltr'><strong>used</strong></span> <span class='ocrx_word' id='word_1_302' title='bbox 230 3363 268 3414; x_wconf 76' lang='lat' dir='ltr'><strong>(as</strong></span> <span class='ocrx_word' id='word_1_303' title='bbox 281 3354 303 3400; x_wconf 93' lang='lat'><strong>1.</strong></span> <span class='ocrx_word' id='word_1_304' title='bbox 316 3364 330 3413; x_wconf 85' lang='lat'>5</span> <span class='ocrx_word' id='word_1_305' title='bbox 342 3350 434 3410; x_wconf 85' lang='lat' dir='ltr'><strong>above)</strong></span> <span class='ocrx_word' id='word_1_306' title='bbox 450 3366 478 3399; x_wconf 87' lang='lat' dir='ltr'><strong>as</strong></span> <span class='ocrx_word' id='word_1_307' title='bbox 489 3365 655 3413; x_wconf 88' lang='lat' dir='ltr'><strong>synonymons</strong></span> <span class='ocrx_word' id='word_1_308' title='bbox 670 3350 731 3397; x_wconf 92' lang='lat' dir='ltr'><strong>with</strong></span> 
     </span>
     <span class='ocr_line' id='line_1_39' title="bbox 159 3412 730 3478; baseline -0.016 -7"><span class='ocrx_word' id='word_1_309' title='bbox 159 3427 242 3471; x_wconf 90' lang='lat' dir='ltr'><strong>‘actor</strong></span> <span class='ocrx_word' id='word_1_310' title='bbox 258 3414 362 3474; x_wconf 89' lang='lat' dir='ltr'><strong>causae,&#39;</strong></span> <span class='ocrx_word' id='word_1_311' title='bbox 379 3412 549 3475; x_wconf 65' lang='lat' dir='ltr'><strong>‘causidicus&#39;</strong></span> <span class='ocrx_word' id='word_1_312' title='bbox 564 3417 700 3478; x_wconf 89' lang='lat' dir='ltr'><strong>‘patronus</strong></span> <span class='ocrx_word' id='word_1_313' title='bbox 710 3412 730 3462; x_wconf 90' lang='lat'><strong>:&#39;</strong></span> 
     </span>
     <span class='ocr_line' id='line_1_40' title="bbox 159 3481 444 3544; baseline -0.025 -11"><span class='ocrx_word' id='word_1_314' title='bbox 159 3502 182 3534; x_wconf 86' lang='lat' dir='ltr'><strong>x.</strong></span> <span class='ocrx_word' id='word_1_315' title='bbox 197 3499 220 3544; x_wconf 92' lang='lat'><strong>1,</strong></span> <span class='ocrx_word' id='word_1_316' title='bbox 235 3496 296 3542; x_wconf 80' lang='lat'>1113</span> <span class='ocrx_word' id='word_1_317' title='bbox 313 3481 355 3528; x_wconf 86' lang='lat' dir='ltr'><strong>xii.</strong></span> <span class='ocrx_word' id='word_1_318' title='bbox 369 3493 390 3539; x_wconf 90' lang='lat'><strong>1,</strong></span> <span class='ocrx_word' id='word_1_319' title='bbox 406 3495 444 3542; x_wconf 86' lang='lat'><strong>²5·</strong></span> 
     </span>
    </p>

    <p class='ocr_par' dir='ltr' id='par_1_11' title="bbox 158 3544 735 4522">
     <span class='ocr_line' id='line_1_41' title="bbox 193 3544 729 3612; baseline -0.009 -14"><span class='ocrx_word' id='word_1_320' title='bbox 193 3564 229 3612; x_wconf 87' lang='lat'><strong>15.</strong></span> <span class='ocrx_word' id='word_1_321' title='bbox 248 3553 276 3597; x_wconf 86' lang='lat' dir='ltr'><strong>et</strong></span> <span class='ocrx_word' id='word_1_322' title='bbox 293 3548 386 3596; x_wconf 85' lang='lat' dir='ltr'><strong>causis</strong></span> <span class='ocrx_word' id='word_1_323' title='bbox 403 3550 432 3594; x_wconf 83' lang='lat' dir='ltr'><strong>et</strong></span> <span class='ocrx_word' id='word_1_324' title='bbox 449 3547 572 3595; x_wconf 84' lang='lat' dir='ltr'><strong>iudiciis.</strong></span> <span class='ocrx_word' id='word_1_325' title='bbox 607 3544 662 3593; x_wconf 92' lang='lat' dir='ltr'><strong>The</strong></span> <span class='ocrx_word' id='word_1_326' title='bbox 682 3544 729 3593; x_wconf 91' lang='lat' dir='ltr'><strong>dis-</strong></span> 
     </span>
     <span class='ocr_line' id='line_1_42' title="bbox 158 3609 732 3674; baseline -0.014 -10"><span class='ocrx_word' id='word_1_327' title='bbox 158 3616 261 3665; x_wconf 89' lang='lat' dir='ltr'><strong>tinction</strong></span> <span class='ocrx_word' id='word_1_328' title='bbox 273 3628 351 3662; x_wconf 86' lang='lat' dir='ltr'><strong>seems</strong></span> <span class='ocrx_word' id='word_1_329' title='bbox 363 3619 389 3659; x_wconf 88' lang='lat' dir='ltr'><strong>to</strong></span> <span class='ocrx_word' id='word_1_330' title='bbox 405 3610 552 3674; x_wconf 89' lang='lat' dir='ltr'><strong>correspond</strong></span> <span class='ocrx_word' id='word_1_331' title='bbox 569 3618 595 3658; x_wconf 92' lang='lat' dir='ltr'><strong>to</strong></span> <span class='ocrx_word' id='word_1_332' title='bbox 611 3610 665 3658; x_wconf 91' lang='lat' dir='ltr'><strong>that</strong></span> <span class='ocrx_word' id='word_1_333' title='bbox 680 3609 732 3657; x_wconf 90' lang='lat' dir='ltr'><strong>laid</strong></span> 
     </span>
     <span class='ocr_line' id='line_1_43' title="bbox 160 3675 731 3735; baseline -0.014 -5"><span class='ocrx_word' id='word_1_334' title='bbox 160 3682 232 3730; x_wconf 91' lang='lat' dir='ltr'><strong>down</strong></span> <span class='ocrx_word' id='word_1_335' title='bbox 243 3681 269 3729; x_wconf 90' lang='lat' dir='ltr'><strong>in</strong></span> <span class='ocrx_word' id='word_1_336' title='bbox 280 3679 345 3726; x_wconf 90' lang='lat' dir='ltr'><strong>‘sive</strong></span> <span class='ocrx_word' id='word_1_337' title='bbox 356 3677 381 3724; x_wconf 87' lang='lat' dir='ltr'><strong>in</strong></span> <span class='ocrx_word' id='word_1_338' title='bbox 392 3675 499 3735; x_wconf 88' lang='lat' dir='ltr'><strong>iudiciis,</strong></span> <span class='ocrx_word' id='word_1_339' title='bbox 511 3678 562 3724; x_wconf 89' lang='lat' dir='ltr'><strong>sive</strong></span> <span class='ocrx_word' id='word_1_340' title='bbox 573 3676 598 3724; x_wconf 91' lang='lat' dir='ltr'><strong>in</strong></span> <span class='ocrx_word' id='word_1_341' title='bbox 610 3675 731 3723; x_wconf 88' lang='lat' dir='ltr'><strong>contioni-</strong></span> 
     </span>
     <span class='ocr_line' id='line_1_44' title="bbox 159 3740 731 3805; baseline -0.014 -10"><span class='ocrx_word' id='word_1_342' title='bbox 159 3744 221 3805; x_wconf 89' lang='lat' dir='ltr'><strong>bus,&#39;</strong></span> <span class='ocrx_word' id='word_1_343' title='bbox 243 3745 294 3793; x_wconf 89' lang='lat' dir='ltr'><strong>line</strong></span> <span class='ocrx_word' id='word_1_344' title='bbox 316 3741 339 3801; x_wconf 86' lang='lat'><strong>6,</strong></span> <span class='ocrx_word' id='word_1_345' title='bbox 363 3743 456 3790; x_wconf 85' lang='lat' dir='ltr'><strong>above:</strong></span> <span class='ocrx_word' id='word_1_346' title='bbox 482 3756 520 3805; x_wconf 88' lang='lat' dir='ltr'><strong>cp.</strong></span> <span class='ocrx_word' id='word_1_347' title='bbox 543 3740 604 3788; x_wconf 81' lang='lat' dir='ltr'><strong>‘fori</strong></span> <span class='ocrx_word' id='word_1_348' title='bbox 620 3740 731 3798; x_wconf 79' lang='lat' dir='ltr'><strong>auditor,</strong></span> 
     </span>
     <span class='ocr_line' id='line_1_45' title="bbox 158 3804 732 3866; baseline -0.014 -6"><span class='ocrx_word' id='word_1_349' title='bbox 158 3818 264 3860; x_wconf 84' lang='lat' dir='ltr'><strong>sectator</strong></span> <span class='ocrx_word' id='word_1_350' title='bbox 270 3807 434 3863; x_wconf 89' lang='lat' dir='ltr'><strong>iudiciorum,’</strong></span> <span class='ocrx_word' id='word_1_351' title='bbox 442 3807 492 3855; x_wconf 90' lang='lat' dir='ltr'><strong>line</strong></span> <span class='ocrx_word' id='word_1_352' title='bbox 498 3804 630 3866; x_wconf 79' lang='lat' dir='ltr'><strong>26,below.</strong></span> <span class='ocrx_word' id='word_1_353' title='bbox 643 3806 732 3855; x_wconf 90' lang='lat' dir='ltr'><strong>Cicero</strong></span> 
     </span>
     <span class='ocr_line' id='line_1_46' title="bbox 159 3870 732 3934; baseline -0.009 -10"><span class='ocrx_word' id='word_1_354' title='bbox 159 3875 225 3925; x_wconf 83' lang='lat' dir='ltr'><strong>osten</strong></span> <span class='ocrx_word' id='word_1_355' title='bbox 245 3890 301 3924; x_wconf 84' lang='lat' dir='ltr'><strong>uses</strong></span> <span class='ocrx_word' id='word_1_356' title='bbox 311 3874 362 3921; x_wconf 90' lang='lat' dir='ltr'><strong>-tbe</strong></span> <span class='ocrx_word' id='word_1_357' title='bbox 383 3872 466 3920; x_wconf 86' lang='lat' dir='ltr'><strong>words</strong></span> <span class='ocrx_word' id='word_1_358' title='bbox 487 3871 608 3934; x_wconf 87' lang='lat' dir='ltr'><strong>together,</strong></span> <span class='ocrx_word' id='word_1_359' title='bbox 626 3870 732 3920; x_wconf 87' lang='lat' dir='ltr'><strong>without</strong></span> 
     </span>
     <span class='ocr_line' id='line_1_47' title="bbox 159 3935 732 4005; baseline -0.014 -15"><span class='ocrx_word' id='word_1_360' title='bbox 159 3957 207 4004; x_wconf 88' lang='lat' dir='ltr'><strong>any</strong></span> <span class='ocrx_word' id='word_1_361' title='bbox 216 3954 315 4005; x_wconf 86' lang='lat' dir='ltr'><strong>express</strong></span> <span class='ocrx_word' id='word_1_362' title='bbox 326 3937 469 3986; x_wconf 85' lang='lat' dir='ltr'><strong>antithesis:</strong></span> <span class='ocrx_word' id='word_1_363' title='bbox 488 3938 553 3985; x_wconf 87' lang='lat' dir='ltr'><strong>Brut.</strong></span> <span class='ocrx_word' id='word_1_364' title='bbox 565 3941 577 3995; x_wconf 73' lang='grc'><strong>5</strong></span> <span class='ocrx_word' id='word_1_365' title='bbox 592 3950 637 3999; x_wconf 88' lang='lat'><strong>105</strong></span> <span class='ocrx_word' id='word_1_366' title='bbox 647 3935 732 3984; x_wconf 91' lang='lat' dir='ltr'><strong>Carbo</strong></span> 
     </span>
     <span class='ocr_line' id='line_1_48' title="bbox 159 4001 731 4065; baseline -0.012 -10"><span class='ocrx_word' id='word_1_367' title='bbox 159 4007 236 4055; x_wconf 90' lang='lat' dir='ltr'><strong>estin</strong></span> <span class='ocrx_word' id='word_1_368' title='bbox 252 4004 336 4053; x_wconf 88' lang='lat' dir='ltr'><strong>multis</strong></span> <span class='ocrx_word' id='word_1_369' title='bbox 352 4003 449 4051; x_wconf 91' lang='lat' dir='ltr'><strong>iudiciis</strong></span> <span class='ocrx_word' id='word_1_370' title='bbox 464 4001 591 4065; x_wconf 77' lang='lat' dir='ltr'><strong>causIsque</strong></span> <span class='ocrx_word' id='word_1_371' title='bbox 608 4002 731 4063; x_wconf 89' lang='lat' dir='ltr'><strong>cognitus,</strong></span> 
     </span>
     <span class='ocr_line' id='line_1_49' title="bbox 158 4066 732 4129; baseline -0.012 -9"><span class='ocrx_word' id='word_1_372' title='bbox 158 4072 184 4120; x_wconf 90' lang='lat' dir='ltr'><strong>in</strong></span> <span class='ocrx_word' id='word_1_373' title='bbox 203 4072 275 4121; x_wconf 88' lang='lat' dir='ltr'><strong>Caec.</strong></span> <span class='ocrx_word' id='word_1_374' title='bbox 298 4069 355 4117; x_wconf 89' lang='lat' dir='ltr'><strong>Div.</strong></span> <span class='ocrx_word' id='word_1_375' title='bbox 376 4073 389 4126; x_wconf 70' lang='grc' dir='ltr'>ς</span> <span class='ocrx_word' id='word_1_376' title='bbox 411 4081 418 4114; x_wconf 93' lang='grc'><strong>1</strong></span> <span class='ocrx_word' id='word_1_377' title='bbox 439 4069 465 4116; x_wconf 89' lang='lat' dir='ltr'><strong>in</strong></span> <span class='ocrx_word' id='word_1_378' title='bbox 485 4067 565 4116; x_wconf 87' lang='lat' dir='ltr'><strong>causis</strong></span> <span class='ocrx_word' id='word_1_379' title='bbox 586 4066 732 4129; x_wconf 91' lang='lat' dir='ltr'><strong>iudiciisque</strong></span> 
     </span>
     <span class='ocr_line' id='line_1_50' title="bbox 160 4131 732 4201; baseline -0.014 -16"><span class='ocrx_word' id='word_1_380' title='bbox 160 4137 275 4201; x_wconf 88' lang='lat' dir='ltr'><strong>publicis.</strong></span> <span class='ocrx_word' id='word_1_381' title='bbox 285 4136 318 4183; x_wconf 93' lang='lat' dir='ltr'><strong>ib.</strong></span> <span class='ocrx_word' id='word_1_382' title='bbox 330 4138 360 4192; x_wconf 62' lang='grc' dir='ltr'><strong>ἐξ</strong></span> <span class='ocrx_word' id='word_1_383' title='bbox 373 4146 412 4194; x_wconf 86' lang='lat'><strong>25,</strong></span> <span class='ocrx_word' id='word_1_384' title='bbox 423 4143 467 4194; x_wconf 79' lang='lat'><strong>73:</strong></span> <span class='ocrx_word' id='word_1_385' title='bbox 482 4147 520 4196; x_wconf 95' lang='lat' dir='ltr'><strong>cp.</strong></span> <span class='ocrx_word' id='word_1_386' title='bbox 528 4132 570 4181; x_wconf 93' lang='lat' dir='ltr'><strong>Or.</strong></span> <span class='ocrx_word' id='word_1_387' title='bbox 582 4131 635 4195; x_wconf 73' lang='lat'><strong>§69</strong></span> <span class='ocrx_word' id='word_1_388' title='bbox 644 4132 669 4179; x_wconf 92' lang='lat' dir='ltr'><strong>in</strong></span> <span class='ocrx_word' id='word_1_389' title='bbox 677 4131 732 4178; x_wconf 85' lang='lat' dir='ltr'><strong>loro</strong></span> 
     </span>
     <span class='ocr_line' id='line_1_51' title="bbox 160 4195 732 4265; baseline -0.016 -13"><span class='ocrx_word' id='word_1_390' title='bbox 160 4201 288 4265; x_wconf 89' lang='lat' dir='ltr'><strong>causisque</strong></span> <span class='ocrx_word' id='word_1_391' title='bbox 300 4199 414 4249; x_wconf 89' lang='lat' dir='ltr'><strong>civilibus</strong></span> <span class='ocrx_word' id='word_1_392' title='bbox 430 4197 470 4262; x_wconf 88' lang='lat' dir='ltr'><strong>(oi</strong></span> <span class='ocrx_word' id='word_1_393' title='bbox 480 4195 666 4246; x_wconf 77' lang='lat' dir='ltr'><strong>‘deliberative’</strong></span> <span class='ocrx_word' id='word_1_394' title='bbox 682 4195 732 4243; x_wconf 86' lang='lat' dir='ltr'><strong>and</strong></span> 
     </span>
     <span class='ocr_line' id='line_1_52' title="bbox 162 4259 730 4328; baseline -0.009 -13"><span class='ocrx_word' id='word_1_395' title='bbox 162 4259 730 4328; x_wconf 75' lang='lat' dir='ltr'><strong>‘forensic’oratory,excluding‘epideictic’),</strong></span> 
     </span>
     <span class='ocr_line' id='line_1_53' title="bbox 160 4326 730 4394; baseline -0.011 -14"><span class='ocrx_word' id='word_1_396' title='bbox 160 4332 194 4381; x_wconf 90' lang='lat' dir='ltr'><strong>ib.</strong></span> <span class='ocrx_word' id='word_1_397' title='bbox 208 4336 220 4391; x_wconf 68' lang='grc' dir='ltr'><strong>ξ</strong></span> <span class='ocrx_word' id='word_1_398' title='bbox 235 4342 280 4394; x_wconf 76' lang='grc'><strong>107</strong></span> <span class='ocrx_word' id='word_1_399' title='bbox 293 4331 319 4379; x_wconf 91' lang='lat' dir='ltr'><strong>in</strong></span> <span class='ocrx_word' id='word_1_400' title='bbox 331 4328 412 4379; x_wconf 84' lang='lat' dir='ltr'><strong>cau&#39;sis</strong></span> <span class='ocrx_word' id='word_1_401' title='bbox 420 4328 530 4391; x_wconf 85' lang='lat' dir='ltr'><strong>foroque,</strong></span> <span class='ocrx_word' id='word_1_402' title='bbox 542 4327 572 4377; x_wconf 89' lang='lat' dir='ltr'><strong>de</strong></span> <span class='ocrx_word' id='word_1_403' title='bbox 582 4328 625 4376; x_wconf 89' lang='lat' dir='ltr'><strong>Or.</strong></span> <span class='ocrx_word' id='word_1_404' title='bbox 638 4326 654 4375; x_wconf 90' lang='lat' dir='ltr'><strong>i.</strong></span> <span class='ocrx_word' id='word_1_405' title='bbox 669 4331 680 4383; x_wconf 72' lang='grc' dir='ltr'><strong>ξ</strong></span> <span class='ocrx_word' id='word_1_406' title='bbox 692 4335 730 4388; x_wconf 82' lang='lat'><strong>77,</strong></span> 
     </span>
     <span class='ocr_line' id='line_1_54' title="bbox 159 4390 735 4459; baseline -0.012 -14"><span class='ocrx_word' id='word_1_407' title='bbox 159 4398 209 4456; x_wconf 66' lang='lat' dir='ltr'><strong>itt</strong></span> <span class='ocrx_word' id='word_1_408' title='bbox 222 4411 262 4458; x_wconf 79' lang='lat'><strong>4²·</strong></span> <span class='ocrx_word' id='word_1_409' title='bbox 290 4395 356 4459; x_wconf 90' lang='lat' dir='ltr'><strong>John</strong></span> <span class='ocrx_word' id='word_1_410' title='bbox 365 4393 589 4443; x_wconf 88' lang='lat' dir='ltr'><strong>hereunderstands</strong></span> <span class='ocrx_word' id='word_1_411' title='bbox 599 4391 694 4440; x_wconf 80' lang='lat' dir='ltr'><strong>iudicia</strong></span> <span class='ocrx_word' id='word_1_412' title='bbox 706 4390 735 4439; x_wconf 88' lang='lat' dir='ltr'><strong>oi</strong></span> 
     </span>
     <span class='ocr_line' id='line_1_55' title="bbox 160 4457 729 4522; baseline -0.011 -10"><span class='ocrx_word' id='word_1_413' title='bbox 160 4461 274 4513; x_wconf 85' lang='lat' dir='ltr'><strong>criminal</strong></span> <span class='ocrx_word' id='word_1_414' title='bbox 292 4460 370 4522; x_wconf 90' lang='lat' dir='ltr'><strong>trials,</strong></span> <span class='ocrx_word' id='word_1_415' title='bbox 392 4472 478 4508; x_wconf 79' lang='lat' dir='ltr'><strong>causac</strong></span> <span class='ocrx_word' id='word_1_416' title='bbox 501 4457 529 4507; x_wconf 87' lang='lat' dir='ltr'><strong>oi</strong></span> <span class='ocrx_word' id='word_1_417' title='bbox 548 4457 606 4508; x_wconf 81' lang='lat' dir='ltr'><strong>civil</strong></span> <span class='ocrx_word' id='word_1_418' title='bbox 628 4457 729 4507; x_wconf 86' lang='lat' dir='ltr'><strong>actions.</strong></span> 
     </span>
    </p>
   </div>
   <div class='ocr_carea' id='block_1_8' title="bbox 781 2041 1360 4516">
    <p class='ocr_par' dir='ltr' id='par_1_12' title="bbox 781 2041 1360 2301">
     <span class='ocr_line' id='line_1_56' title="bbox 813 2041 1360 2106; baseline -0.002 -15"><span class='ocrx_word' id='word_1_419' title='bbox 813 2045 903 2100; x_wconf 83' lang='lat' dir='ltr'><strong>ipsius</strong></span> <span class='ocrx_word' id='word_1_420' title='bbox 921 2077 967 2092; x_wconf 91' lang='lat'><strong>...</strong></span> <span class='ocrx_word' id='word_1_421' title='bbox 984 2045 1110 2099; x_wconf 79' lang='lat' dir='ltr'><strong>copiam:</strong></span> <span class='ocrx_word' id='word_1_422' title='bbox 1133 2042 1312 2106; x_wconf 88' lang='lat' dir='ltr'><strong>opportunities</strong></span> <span class='ocrx_word' id='word_1_423' title='bbox 1329 2041 1360 2091; x_wconf 85' lang='lat' dir='ltr'><strong>of</strong></span> 
     </span>
     <span class='ocr_line' id='line_1_57' title="bbox 782 2108 1356 2172; baseline -0.002 -15"><span class='ocrx_word' id='word_1_424' title='bbox 782 2108 936 2171; x_wconf 77' lang='lat' dir='ltr'><strong>(observing)</strong></span> <span class='ocrx_word' id='word_1_425' title='bbox 948 2108 990 2156; x_wconf 90' lang='lat' dir='ltr'><strong>the</strong></span> <span class='ocrx_word' id='word_1_426' title='bbox 1001 2115 1071 2171; x_wconf 87' lang='lat' dir='ltr'><strong>great</strong></span> <span class='ocrx_word' id='word_1_427' title='bbox 1084 2108 1201 2172; x_wconf 87' lang='lat' dir='ltr'><strong>diversity</strong></span> <span class='ocrx_word' id='word_1_428' title='bbox 1212 2108 1240 2157; x_wconf 88' lang='lat' dir='ltr'><strong>ol</strong></span> <span class='ocrx_word' id='word_1_429' title='bbox 1249 2116 1311 2158; x_wconf 87' lang='lat' dir='ltr'><strong>taste</strong></span> <span class='ocrx_word' id='word_1_430' title='bbox 1323 2123 1356 2157; x_wconf 92' lang='lat' dir='ltr'><strong>on</strong></span> 
     </span>
     <span class='ocr_line' id='line_1_58' title="bbox 781 2171 1355 2236; baseline 0.002 -14"><span class='ocrx_word' id='word_1_431' title='bbox 781 2174 823 2223; x_wconf 92' lang='lat' dir='ltr'><strong>the</strong></span> <span class='ocrx_word' id='word_1_432' title='bbox 829 2181 884 2236; x_wconf 90' lang='lat' dir='ltr'><strong>part</strong></span> <span class='ocrx_word' id='word_1_433' title='bbox 891 2173 920 2222; x_wconf 87' lang='lat' dir='ltr'><strong>oi</strong></span> <span class='ocrx_word' id='word_1_434' title='bbox 924 2174 966 2222; x_wconf 90' lang='lat' dir='ltr'><strong>the</strong></span> <span class='ocrx_word' id='word_1_435' title='bbox 972 2171 1105 2223; x_wconf 88' lang='lat' dir='ltr'><strong>audience.&#39;</strong></span> <span class='ocrx_word' id='word_1_436' title='bbox 1123 2175 1144 2222; x_wconf 89' lang='lat' dir='ltr'>F</span> <span class='ocrx_word' id='word_1_437' title='bbox 1145 2174 1221 2223; x_wconf 87' lang='lat' dir='ltr'><strong>orthe</strong></span> <span class='ocrx_word' id='word_1_438' title='bbox 1227 2174 1355 2236; x_wconf 81' lang='lat' dir='ltr'><strong>genitives,</strong></span> 
     </span>
     <span class='ocr_line' id='line_1_59' title="bbox 781 2240 956 2301; baseline 0 -13"><span class='ocrx_word' id='word_1_439' title='bbox 781 2255 821 2288; x_wconf 89' lang='lat' dir='ltr'><strong>see</strong></span> <span class='ocrx_word' id='word_1_440' title='bbox 834 2240 878 2288; x_wconf 66' lang='lat' dir='ltr'><strong>Dr.</strong></span> <span class='ocrx_word' id='word_1_441' title='bbox 892 2245 904 2298; x_wconf 68' lang='grc' dir='ltr'>ς</span> <span class='ocrx_word' id='word_1_442' title='bbox 917 2249 956 2301; x_wconf 84' lang='lat'><strong>75.</strong></span> 
     </span>
    </p>

    <p class='ocr_par' dir='ltr' id='par_1_13' title="bbox 781 2302 1357 2564">
     <span class='ocr_line' id='line_1_60' title="bbox 818 2302 1356 2354; baseline -0.002 -2"><span class='ocrx_word' id='word_1_443' title='bbox 818 2306 854 2354; x_wconf 87' lang='lat'><strong>18.</strong></span> <span class='ocrx_word' id='word_1_444' title='bbox 872 2307 1066 2354; x_wconf 83' lang='lat' dir='ltr'><strong>electissimus.</strong></span> <span class='ocrx_word' id='word_1_445' title='bbox 1111 2303 1215 2354; x_wconf 89' lang='lat' dir='ltr'><strong>Tacitus</strong></span> <span class='ocrx_word' id='word_1_446' title='bbox 1241 2303 1287 2352; x_wconf 86' lang='lat' dir='ltr'><strong>has</strong></span> <span class='ocrx_word' id='word_1_447' title='bbox 1314 2302 1356 2352; x_wconf 88' lang='lat' dir='ltr'><strong>the</strong></span> 
     </span>
     <span class='ocr_line' id='line_1_61' title="bbox 781 2368 1357 2434; baseline -0.005 -15"><span class='ocrx_word' id='word_1_448' title='bbox 781 2370 930 2434; x_wconf 88' lang='lat' dir='ltr'><strong>superlative</strong></span> <span class='ocrx_word' id='word_1_449' title='bbox 942 2369 1001 2433; x_wconf 90' lang='lat' dir='ltr'><strong>only</strong></span> <span class='ocrx_word' id='word_1_450' title='bbox 1010 2370 1075 2419; x_wconf 87' lang='lat' dir='ltr'><strong>here.</strong></span> <span class='ocrx_word' id='word_1_451' title='bbox 1103 2369 1195 2418; x_wconf 88' lang='lat' dir='ltr'><strong>Novak</strong></span> <span class='ocrx_word' id='word_1_452' title='bbox 1203 2368 1286 2418; x_wconf 89' lang='lat' dir='ltr'><strong>would</strong></span> <span class='ocrx_word' id='word_1_453' title='bbox 1298 2368 1357 2418; x_wconf 90' lang='lat' dir='ltr'><strong>read</strong></span> 
     </span>
     <span class='ocr_line' id='line_1_62' title="bbox 783 2434 1355 2499; baseline -0.002 -16"><span class='ocrx_word' id='word_1_454' title='bbox 783 2434 961 2493; x_wconf 87' lang='lat' dir='ltr'><strong>‘lectissimus‚&#39;</strong></span> <span class='ocrx_word' id='word_1_455' title='bbox 989 2434 1135 2499; x_wconf 87' lang='lat' dir='ltr'><strong>comparing</strong></span> <span class='ocrx_word' id='word_1_456' title='bbox 1162 2434 1245 2484; x_wconf 91' lang='lat' dir='ltr'><strong>Germ.</strong></span> <span class='ocrx_word' id='word_1_457' title='bbox 1273 2435 1306 2483; x_wconf 92' lang='lat' dir='ltr'><strong>vi.</strong></span> <span class='ocrx_word' id='word_1_458' title='bbox 1331 2434 1355 2494; x_wconf 92' lang='lat'><strong>8,</strong></span> 
     </span>
     <span class='ocr_line' id='line_1_63' title="bbox 782 2501 997 2564; baseline -0.014 -14"><span class='ocrx_word' id='word_1_459' title='bbox 782 2502 866 2564; x_wconf 85' lang='lat' dir='ltr'><strong>Agric.</strong></span> <span class='ocrx_word' id='word_1_460' title='bbox 879 2501 947 2549; x_wconf 85' lang='lat' dir='ltr'><strong>xviii.</strong></span> <span class='ocrx_word' id='word_1_461' title='bbox 959 2513 997 2548; x_wconf 78' lang='lat'><strong>21.</strong></span> 
     </span>
    </p>

    <p class='ocr_par' dir='ltr' id='par_1_14' title="bbox 781 2564 1357 3331">
     <span class='ocr_line' id='line_1_64' title="bbox 813 2564 1356 2628; baseline -0.002 -15"><span class='ocrx_word' id='word_1_462' title='bbox 813 2569 915 2615; x_wconf 81' lang='lat' dir='ltr'><strong>faciem</strong></span> <span class='ocrx_word' id='word_1_463' title='bbox 928 2602 934 2614; x_wconf 90' lang='lat'><strong>.</strong></span> <span class='ocrx_word' id='word_1_464' title='bbox 947 2602 973 2615; x_wconf 93' lang='lat'><strong>..</strong></span> <span class='ocrx_word' id='word_1_465' title='bbox 990 2569 1158 2623; x_wconf 76' lang='lat' dir='ltr'><strong>imaginem:</strong></span> <span class='ocrx_word' id='word_1_466' title='bbox 1179 2565 1313 2628; x_wconf 90' lang='lat' dir='ltr'><strong>eloquence</strong></span> <span class='ocrx_word' id='word_1_467' title='bbox 1330 2564 1356 2612; x_wconf 91' lang='lat' dir='ltr'><strong>in</strong></span> 
     </span>
     <span class='ocr_line' id='line_1_65' title="bbox 781 2629 1356 2692; baseline -0.002 -13"><span class='ocrx_word' id='word_1_468' title='bbox 781 2631 825 2680; x_wconf 90' lang='lat' dir='ltr'><strong>her</strong></span> <span class='ocrx_word' id='word_1_469' title='bbox 842 2640 895 2678; x_wconf 89' lang='lat' dir='ltr'><strong>true</strong></span> <span class='ocrx_word' id='word_1_470' title='bbox 911 2629 1018 2680; x_wconf 81' lang='lat' dir='ltr'><strong>features</strong></span> <span class='ocrx_word' id='word_1_471' title='bbox 1034 2646 1063 2679; x_wconf 93' lang='grc'><strong>01</strong></span> <span class='ocrx_word' id='word_1_472' title='bbox 1078 2630 1165 2692; x_wconf 90' lang='lat' dir='ltr'><strong>bodily</strong></span> <span class='ocrx_word' id='word_1_473' title='bbox 1177 2645 1297 2691; x_wconf 87' lang='lat' dir='ltr'><strong>presence,</strong></span> <span class='ocrx_word' id='word_1_474' title='bbox 1312 2637 1356 2678; x_wconf 90' lang='lat' dir='ltr'><strong>not</strong></span> 
     </span>
     <span class='ocr_line' id='line_1_66' title="bbox 782 2694 1355 2760; baseline -0.003 -16"><span class='ocrx_word' id='word_1_475' title='bbox 782 2711 874 2745; x_wconf 90' lang='lat' dir='ltr'><strong>amere</strong></span> <span class='ocrx_word' id='word_1_476' title='bbox 890 2711 954 2759; x_wconf 88' lang='lat' dir='ltr'><strong>copy</strong></span> <span class='ocrx_word' id='word_1_477' title='bbox 967 2712 995 2744; x_wconf 93' lang='lat' dir='ltr'><strong>or</strong></span> <span class='ocrx_word' id='word_1_478' title='bbox 1011 2695 1139 2760; x_wconf 87' lang='lat' dir='ltr'><strong>phantom.</strong></span> <span class='ocrx_word' id='word_1_479' title='bbox 1174 2694 1220 2757; x_wconf 94' lang='lat' dir='ltr'><strong>Cp.</strong></span> <span class='ocrx_word' id='word_1_480' title='bbox 1234 2695 1319 2756; x_wconf 88' lang='lat' dir='ltr'><strong>Quint.</strong></span> <span class='ocrx_word' id='word_1_481' title='bbox 1332 2710 1355 2742; x_wconf 88' lang='lat' dir='ltr'><strong>x.</strong></span> 
     </span>
     <span class='ocr_line' id='line_1_67' title="bbox 784 2759 1356 2824; baseline -0.003 -15"><span class='ocrx_word' id='word_1_482' title='bbox 784 2775 806 2821; x_wconf 85' lang='lat'><strong>2,</strong></span> <span class='ocrx_word' id='word_1_483' title='bbox 821 2775 847 2809; x_wconf 94' lang='lat'><strong>11</strong></span> <span class='ocrx_word' id='word_1_484' title='bbox 861 2761 925 2809; x_wconf 90' lang='lat' dir='ltr'><strong>adde</strong></span> <span class='ocrx_word' id='word_1_485' title='bbox 937 2761 1004 2824; x_wconf 93' lang='lat' dir='ltr'><strong>quod</strong></span> <span class='ocrx_word' id='word_1_486' title='bbox 1013 2760 1132 2824; x_wconf 91' lang='lat' dir='ltr'><strong>quidquid</strong></span> <span class='ocrx_word' id='word_1_487' title='bbox 1142 2759 1213 2807; x_wconf 87' lang='lat' dir='ltr'><strong>alteri</strong></span> <span class='ocrx_word' id='word_1_488' title='bbox 1221 2759 1301 2808; x_wconf 90' lang='lat' dir='ltr'><strong>simile</strong></span> <span class='ocrx_word' id='word_1_489' title='bbox 1310 2767 1356 2818; x_wconf 86' lang='lat' dir='ltr'><strong>est,</strong></span> 
     </span>
     <span class='ocr_line' id='line_1_68' title="bbox 782 2824 1356 2889; baseline 0 -15"><span class='ocrx_word' id='word_1_490' title='bbox 782 2842 879 2876; x_wconf 89' lang='lat' dir='ltr'><strong>necesse</strong></span> <span class='ocrx_word' id='word_1_491' title='bbox 890 2834 927 2875; x_wconf 87' lang='lat' dir='ltr'><strong>est</strong></span> <span class='ocrx_word' id='word_1_492' title='bbox 939 2826 1019 2874; x_wconf 89' lang='lat' dir='ltr'><strong>miuus</strong></span> <span class='ocrx_word' id='word_1_493' title='bbox 1031 2827 1062 2874; x_wconf 92' lang='lat' dir='ltr'><strong>sit</strong></span> <span class='ocrx_word' id='word_1_494' title='bbox 1073 2840 1104 2874; x_wconf 94' lang='lat' dir='ltr'><strong>eo</strong></span> <span class='ocrx_word' id='word_1_495' title='bbox 1115 2824 1182 2889; x_wconf 88' lang='lat' dir='ltr'><strong>quod</strong></span> <span class='ocrx_word' id='word_1_496' title='bbox 1199 2825 1317 2884; x_wconf 89' lang='lat' dir='ltr'><strong>imitatur,</strong></span> <span class='ocrx_word' id='word_1_497' title='bbox 1328 2831 1356 2874; x_wconf 89' lang='lat' dir='ltr'><strong>ut</strong></span> 
     </span>
     <span class='ocr_line' id='line_1_69' title="bbox 782 2890 1357 2954; baseline -0.002 -15"><span class='ocrx_word' id='word_1_498' title='bbox 782 2893 868 2940; x_wconf 91' lang='lat' dir='ltr'><strong>umbra</strong></span> <span class='ocrx_word' id='word_1_499' title='bbox 888 2906 990 2954; x_wconf 87' lang='lat' dir='ltr'><strong>corpore</strong></span> <span class='ocrx_word' id='word_1_500' title='bbox 1012 2898 1035 2940; x_wconf 91' lang='lat' dir='ltr'><strong>et</strong></span> <span class='ocrx_word' id='word_1_501' title='bbox 1056 2891 1139 2952; x_wconf 87' lang='lat' dir='ltr'><strong>imago</strong></span> <span class='ocrx_word' id='word_1_502' title='bbox 1159 2890 1222 2937; x_wconf 87' lang='lat' dir='ltr'><strong>iacie</strong></span> <span class='ocrx_word' id='word_1_503' title='bbox 1240 2897 1266 2939; x_wconf 89' lang='lat' dir='ltr'><strong>et</strong></span> <span class='ocrx_word' id='word_1_504' title='bbox 1286 2896 1357 2939; x_wconf 91' lang='lat' dir='ltr'><strong>actus</strong></span> 
     </span>
     <span class='ocr_line' id='line_1_70' title="bbox 781 2954 1355 3017; baseline -0.005 -12"><span class='ocrx_word' id='word_1_505' title='bbox 781 2957 928 3006; x_wconf 90' lang='lat' dir='ltr'><strong>histrionum</strong></span> <span class='ocrx_word' id='word_1_506' title='bbox 939 2956 1003 3005; x_wconf 87' lang='lat' dir='ltr'><strong>veris</strong></span> <span class='ocrx_word' id='word_1_507' title='bbox 1015 2955 1159 3004; x_wconf 80' lang='lat' dir='ltr'><strong>adfectibus.</strong></span> <span class='ocrx_word' id='word_1_508' title='bbox 1182 2954 1216 3003; x_wconf 90' lang='lat' dir='ltr'><strong>So</strong></span> <span class='ocrx_word' id='word_1_509' title='bbox 1226 2955 1258 3004; x_wconf 91' lang='lat' dir='ltr'><strong>ib.</strong></span> <span class='ocrx_word' id='word_1_510' title='bbox 1269 2957 1313 3015; x_wconf 82' lang='lat'><strong>5.§</strong></span> <span class='ocrx_word' id='word_1_511' title='bbox 1326 2965 1355 3017; x_wconf 79' lang='lat'><strong>17</strong></span> 
     </span>
     <span class='ocr_line' id='line_1_71' title="bbox 781 3020 1356 3083; baseline -0.002 -14"><span class='ocrx_word' id='word_1_512' title='bbox 781 3022 807 3070; x_wconf 88' lang='lat' dir='ltr'><strong>in</strong></span> <span class='ocrx_word' id='word_1_513' title='bbox 819 3022 880 3070; x_wconf 86' lang='lat' dir='ltr'><strong>salsa</strong></span> <span class='ocrx_word' id='word_1_514' title='bbox 889 3037 970 3070; x_wconf 89' lang='lat' dir='ltr'><strong>rerum</strong></span> <span class='ocrx_word' id='word_1_515' title='bbox 979 3021 1086 3083; x_wconf 88' lang='lat' dir='ltr'><strong>imagine</strong></span> <span class='ocrx_word' id='word_1_516' title='bbox 1096 3020 1200 3069; x_wconf 88' lang='lat' dir='ltr'><strong>detineri</strong></span> <span class='ocrx_word' id='word_1_517' title='bbox 1209 3027 1234 3069; x_wconf 90' lang='lat' dir='ltr'><strong>et</strong></span> <span class='ocrx_word' id='word_1_518' title='bbox 1243 3020 1356 3068; x_wconf 90' lang='lat' dir='ltr'><strong>inanibus</strong></span> 
     </span>
     <span class='ocr_line' id='line_1_72' title="bbox 781 3084 1356 3144; baseline -0.007 -8"><span class='ocrx_word' id='word_1_519' title='bbox 781 3087 938 3137; x_wconf 86' lang='lat' dir='ltr'><strong>simulacris.</strong></span> <span class='ocrx_word' id='word_1_520' title='bbox 952 3122 957 3134; x_wconf 94' lang='lat'><strong>.</strong></span> <span class='ocrx_word' id='word_1_521' title='bbox 970 3123 976 3136; x_wconf 91' lang='lat'><strong>.</strong></span> <span class='ocrx_word' id='word_1_522' title='bbox 989 3086 1203 3144; x_wconf 64' lang='lat' dir='ltr'><strong>adsuescere—of</strong></span> <span class='ocrx_word' id='word_1_523' title='bbox 1215 3084 1257 3134; x_wconf 87' lang='lat' dir='ltr'><strong>the</strong></span> <span class='ocrx_word' id='word_1_524' title='bbox 1273 3085 1356 3133; x_wconf 90' lang='lat' dir='ltr'><strong>decla·</strong></span> 
     </span>
     <span class='ocr_line' id='line_1_73' title="bbox 781 3149 1357 3212; baseline -0.005 -11"><span class='ocrx_word' id='word_1_525' title='bbox 781 3152 897 3212; x_wconf 74' lang='lat' dir='ltr'><strong>mahons,</strong></span> <span class='ocrx_word' id='word_1_526' title='bbox 923 3150 1006 3200; x_wconf 91' lang='lat' dir='ltr'><strong>which</strong></span> <span class='ocrx_word' id='word_1_527' title='bbox 1034 3151 1060 3198; x_wconf 92' lang='lat' dir='ltr'><strong>in</strong></span> <span class='ocrx_word' id='word_1_528' title='bbox 1088 3156 1197 3198; x_wconf 87' lang='lat' dir='ltr'><strong>contrast</strong></span> <span class='ocrx_word' id='word_1_529' title='bbox 1225 3150 1286 3198; x_wconf 83' lang='lat' dir='ltr'><strong>with</strong></span> <span class='ocrx_word' id='word_1_530' title='bbox 1314 3149 1357 3198; x_wconf 91' lang='lat' dir='ltr'><strong>the</strong></span> 
     </span>
     <span class='ocr_line' id='line_1_74' title="bbox 782 3213 1357 3280; baseline -0.002 -14"><span class='ocrx_word' id='word_1_531' title='bbox 782 3216 870 3280; x_wconf 86' lang='lat' dir='ltr'><strong>reality</strong></span> <span class='ocrx_word' id='word_1_532' title='bbox 890 3217 918 3265; x_wconf 84' lang='lat' dir='ltr'><strong>oi</strong></span> <span class='ocrx_word' id='word_1_533' title='bbox 939 3217 1062 3265; x_wconf 81' lang='lat' dir='ltr'><strong>‘forenses</strong></span> <span class='ocrx_word' id='word_1_534' title='bbox 1081 3213 1204 3264; x_wconf 87' lang='lat' dir='ltr'><strong>actiones’</strong></span> <span class='ocrx_word' id='word_1_535' title='bbox 1227 3231 1268 3264; x_wconf 91' lang='lat' dir='ltr'><strong>are</strong></span> <span class='ocrx_word' id='word_1_536' title='bbox 1291 3230 1357 3265; x_wconf 89' lang='lat' dir='ltr'><strong>mere</strong></span> 
     </span>
     <span class='ocr_line' id='line_1_75' title="bbox 781 3283 872 3331; baseline -0.011 0"><span class='ocrx_word' id='word_1_537' title='bbox 781 3283 872 3331; x_wconf 85' lang='lat' dir='ltr'><strong>shams.</strong></span> 
     </span>
    </p>

    <p class='ocr_par' dir='ltr' id='par_1_15' title="bbox 782 3345 1359 4114">
     <span class='ocr_line' id='line_1_76' title="bbox 817 3345 1355 3407; baseline 0.002 -13"><span class='ocrx_word' id='word_1_538' title='bbox 817 3361 854 3395; x_wconf 83' lang='grc'><strong>10.</strong></span> <span class='ocrx_word' id='word_1_539' title='bbox 872 3349 956 3407; x_wconf 84' lang='lat' dir='ltr'><strong>ferro,</strong></span> <span class='ocrx_word' id='word_1_540' title='bbox 966 3360 1024 3395; x_wconf 91' lang='lat' dir='ltr'><strong>non</strong></span> <span class='ocrx_word' id='word_1_541' title='bbox 1032 3348 1158 3406; x_wconf 84' lang='lat' dir='ltr'><strong>rudibus,</strong></span> <span class='ocrx_word' id='word_1_542' title='bbox 1169 3345 1245 3394; x_wconf 86' lang='lat' dir='ltr'><strong>‘with</strong></span> <span class='ocrx_word' id='word_1_543' title='bbox 1254 3346 1355 3404; x_wconf 89' lang='lat' dir='ltr'><strong>swords,</strong></span> 
     </span>
     <span class='ocr_line' id='line_1_77' title="bbox 782 3409 1357 3462; baseline 0 -1"><span class='ocrx_word' id='word_1_544' title='bbox 782 3419 826 3462; x_wconf 88' lang='lat' dir='ltr'><strong>not</strong></span> <span class='ocrx_word' id='word_1_545' title='bbox 844 3412 948 3461; x_wconf 81' lang='lat' dir='ltr'><strong>wooden</strong></span> <span class='ocrx_word' id='word_1_546' title='bbox 968 3409 1041 3460; x_wconf 68' lang='lat' dir='ltr'><strong>soils!</strong></span> <span class='ocrx_word' id='word_1_547' title='bbox 1083 3411 1136 3459; x_wconf 92' lang='lat' dir='ltr'><strong>The</strong></span> <span class='ocrx_word' id='word_1_548' title='bbox 1156 3411 1230 3460; x_wconf 82' lang='lat' dir='ltr'><strong>rudis</strong></span> <span class='ocrx_word' id='word_1_549' title='bbox 1247 3427 1299 3460; x_wconf 85' lang='lat' dir='ltr'><strong>was</strong></span> <span class='ocrx_word' id='word_1_550' title='bbox 1315 3413 1357 3461; x_wconf 90' lang='lat' dir='ltr'><strong>tbe</strong></span> 
     </span>
     <span class='ocr_line' id='line_1_78' title="bbox 782 3476 1358 3540; baseline 0 -14"><span class='ocrx_word' id='word_1_551' title='bbox 782 3478 886 3526; x_wconf 91' lang='lat' dir='ltr'><strong>woodeu</strong></span> <span class='ocrx_word' id='word_1_552' title='bbox 924 3477 969 3525; x_wconf 86' lang='lat' dir='ltr'><strong>ioil</strong></span> <span class='ocrx_word' id='word_1_553' title='bbox 1005 3476 1066 3525; x_wconf 90' lang='lat' dir='ltr'><strong>with</strong></span> <span class='ocrx_word' id='word_1_554' title='bbox 1102 3476 1192 3525; x_wconf 89' lang='lat' dir='ltr'><strong>which.</strong></span> <span class='ocrx_word' id='word_1_555' title='bbox 1220 3477 1358 3540; x_wconf 87' lang='lat' dir='ltr'><strong>gladiators</strong></span> 
     </span>
     <span class='ocr_line' id='line_1_79' title="bbox 782 3542 1359 3608; baseline -0.005 -16"><span class='ocrx_word' id='word_1_556' title='bbox 782 3543 921 3608; x_wconf 87' lang='lat' dir='ltr'><strong>practised:</strong></span> <span class='ocrx_word' id='word_1_557' title='bbox 940 3543 992 3590; x_wconf 87' lang='lat' dir='ltr'><strong>Liv.</strong></span> <span class='ocrx_word' id='word_1_558' title='bbox 1002 3543 1067 3591; x_wconf 87' lang='lat' dir='ltr'><strong>xxvi.</strong></span> <span class='ocrx_word' id='word_1_559' title='bbox 1081 3555 1120 3603; x_wconf 84' lang='lat'><strong>51,</strong></span> <span class='ocrx_word' id='word_1_560' title='bbox 1131 3557 1154 3604; x_wconf 80' lang='lat'><strong>4.</strong></span> <span class='ocrx_word' id='word_1_561' title='bbox 1175 3542 1225 3591; x_wconf 88' lang='lat' dir='ltr'><strong>For</strong></span> <span class='ocrx_word' id='word_1_562' title='bbox 1236 3558 1251 3590; x_wconf 88' lang='lat' dir='ltr'><strong>a</strong></span> <span class='ocrx_word' id='word_1_563' title='bbox 1263 3542 1359 3590; x_wconf 89' lang='lat' dir='ltr'><strong>similar</strong></span> 
     </span>
     <span class='ocr_line' id='line_1_80' title="bbox 782 3607 1357 3672; baseline -0.003 -16"><span class='ocrx_word' id='word_1_564' title='bbox 782 3607 868 3671; x_wconf 90' lang='lat' dir='ltr'><strong>figure,</strong></span> <span class='ocrx_word' id='word_1_565' title='bbox 881 3624 919 3672; x_wconf 92' lang='lat' dir='ltr'><strong>cp.</strong></span> <span class='ocrx_word' id='word_1_566' title='bbox 931 3608 984 3656; x_wconf 93' lang='lat' dir='ltr'><strong>Cic.</strong></span> <span class='ocrx_word' id='word_1_567' title='bbox 1001 3608 1032 3657; x_wconf 88' lang='lat' dir='ltr'><strong>de</strong></span> <span class='ocrx_word' id='word_1_568' title='bbox 1048 3608 1108 3670; x_wconf 87' lang='lat' dir='ltr'><strong>Opt.</strong></span> <span class='ocrx_word' id='word_1_569' title='bbox 1124 3607 1187 3657; x_wconf 88' lang='lat' dir='ltr'><strong>Gen.</strong></span> <span class='ocrx_word' id='word_1_570' title='bbox 1206 3608 1277 3656; x_wconf 90' lang='lat' dir='ltr'><strong>Orat.</strong></span> <span class='ocrx_word' id='word_1_571' title='bbox 1296 3612 1309 3666; x_wconf 63' lang='grc' dir='ltr'><strong>θ</strong></span> <span class='ocrx_word' id='word_1_572' title='bbox 1328 3617 1357 3669; x_wconf 82' lang='lat'><strong>17</strong></span> 
     </span>
     <span class='ocr_line' id='line_1_81' title="bbox 782 3671 1358 3730; baseline -0.003 -8"><span class='ocrx_word' id='word_1_573' title='bbox 782 3689 832 3722; x_wconf 89' lang='lat' dir='ltr'><strong>uon</strong></span> <span class='ocrx_word' id='word_1_574' title='bbox 852 3673 918 3722; x_wconf 90' lang='lat' dir='ltr'><strong>enirn</strong></span> <span class='ocrx_word' id='word_1_575' title='bbox 939 3673 963 3721; x_wconf 92' lang='lat' dir='ltr'><strong>in</strong></span> <span class='ocrx_word' id='word_1_576' title='bbox 981 3674 1034 3721; x_wconf 88' lang='lat' dir='ltr'><strong>acie</strong></span> <span class='ocrx_word' id='word_1_577' title='bbox 1052 3680 1162 3720; x_wconf 86' lang='lat' dir='ltr'><strong>versatur</strong></span> <span class='ocrx_word' id='word_1_578' title='bbox 1180 3680 1204 3722; x_wconf 91' lang='lat' dir='ltr'><strong>et</strong></span> <span class='ocrx_word' id='word_1_579' title='bbox 1224 3673 1295 3730; x_wconf 86' lang='lat' dir='ltr'><strong>ierro,</strong></span> <span class='ocrx_word' id='word_1_580' title='bbox 1315 3671 1358 3720; x_wconf 89' lang='lat' dir='ltr'><strong>sed</strong></span> 
     </span>
     <span class='ocr_line' id='line_1_82' title="bbox 782 3737 1357 3802; baseline -0.005 -15"><span class='ocrx_word' id='word_1_581' title='bbox 782 3739 853 3802; x_wconf 89' lang='lat' dir='ltr'><strong>quasi</strong></span> <span class='ocrx_word' id='word_1_582' title='bbox 864 3738 965 3787; x_wconf 89' lang='lat' dir='ltr'><strong>rudibus</strong></span> <span class='ocrx_word' id='word_1_583' title='bbox 975 3739 1028 3787; x_wconf 90' lang='lat' dir='ltr'><strong>eius</strong></span> <span class='ocrx_word' id='word_1_584' title='bbox 1039 3738 1119 3786; x_wconf 90' lang='lat' dir='ltr'><strong>eludit</strong></span> <span class='ocrx_word' id='word_1_585' title='bbox 1128 3738 1223 3786; x_wconf 89' lang='lat' dir='ltr'><strong>oratio:</strong></span> <span class='ocrx_word' id='word_1_586' title='bbox 1242 3737 1298 3786; x_wconf 87' lang='lat' dir='ltr'><strong>Sen.</strong></span> <span class='ocrx_word' id='word_1_587' title='bbox 1309 3737 1357 3800; x_wconf 92' lang='lat' dir='ltr'><strong>Ep.</strong></span> 
     </span>
     <span class='ocr_line' id='line_1_83' title="bbox 784 3802 1357 3866; baseline -0.002 -15"><span class='ocrx_word' id='word_1_588' title='bbox 784 3814 840 3866; x_wconf 83' lang='lat'><strong>117,</strong></span> <span class='ocrx_word' id='word_1_589' title='bbox 852 3817 881 3864; x_wconf 83' lang='lat'><strong>25</strong></span> <span class='ocrx_word' id='word_1_590' title='bbox 891 3818 991 3852; x_wconf 90' lang='lat' dir='ltr'><strong>remove</strong></span> <span class='ocrx_word' id='word_1_591' title='bbox 1000 3803 1047 3851; x_wconf 87' lang='lat' dir='ltr'><strong>ista</strong></span> <span class='ocrx_word' id='word_1_592' title='bbox 1056 3802 1148 3850; x_wconf 88' lang='lat' dir='ltr'><strong>lusoria</strong></span> <span class='ocrx_word' id='word_1_593' title='bbox 1156 3818 1235 3862; x_wconf 86' lang='lat' dir='ltr'><strong>arma,</strong></span> <span class='ocrx_word' id='word_1_594' title='bbox 1246 3803 1357 3851; x_wconf 90' lang='lat' dir='ltr'><strong>decreto-</strong></span> 
     </span>
     <span class='ocr_line' id='line_1_84' title="bbox 782 3867 1358 3934; baseline -0.003 -17"><span class='ocrx_word' id='word_1_595' title='bbox 782 3868 825 3918; x_wconf 92' lang='lat' dir='ltr'><strong>riis</strong></span> <span class='ocrx_word' id='word_1_596' title='bbox 840 3885 902 3934; x_wconf 90' lang='lat' dir='ltr'><strong>0pus</strong></span> <span class='ocrx_word' id='word_1_597' title='bbox 916 3877 968 3917; x_wconf 89' lang='lat' dir='ltr'><strong>est:</strong></span> <span class='ocrx_word' id='word_1_598' title='bbox 989 3868 1073 3930; x_wconf 87' lang='lat' dir='ltr'><strong>Quint.</strong></span> <span class='ocrx_word' id='word_1_599' title='bbox 1086 3884 1109 3916; x_wconf 84' lang='lat' dir='ltr'><strong>x.</strong></span> <span class='ocrx_word' id='word_1_600' title='bbox 1124 3880 1147 3929; x_wconf 90' lang='lat'><strong>5,</strong></span> <span class='ocrx_word' id='word_1_601' title='bbox 1162 3880 1207 3916; x_wconf 86' lang='lat'><strong>20:</strong></span> <span class='ocrx_word' id='word_1_602' title='bbox 1225 3868 1273 3915; x_wconf 89' lang='lat' dir='ltr'><strong>and</strong></span> <span class='ocrx_word' id='word_1_603' title='bbox 1288 3867 1322 3914; x_wconf 89' lang='lat' dir='ltr'><strong>id.</strong></span> <span class='ocrx_word' id='word_1_604' title='bbox 1335 3882 1358 3915; x_wconf 88' lang='lat' dir='ltr'><strong>v.</strong></span> 
     </span>
     <span class='ocr_line' id='line_1_85' title="bbox 785 3932 1358 3997; baseline -0.005 -15"><span class='ocrx_word' id='word_1_605' title='bbox 785 3945 867 3997; x_wconf 82' lang='lat'><strong>12,17</strong></span> <span class='ocrx_word' id='word_1_606' title='bbox 882 3933 1075 3982; x_wconf 89' lang='lat' dir='ltr'><strong>declamationes</strong></span> <span class='ocrx_word' id='word_1_607' title='bbox 1091 3932 1180 3996; x_wconf 89' lang='lat' dir='ltr'><strong>quibus</strong></span> <span class='ocrx_word' id='word_1_608' title='bbox 1197 3933 1231 3980; x_wconf 85' lang='lat' dir='ltr'><strong>ad</strong></span> <span class='ocrx_word' id='word_1_609' title='bbox 1248 3947 1358 3994; x_wconf 88' lang='lat' dir='ltr'><strong>pugnam</strong></span> 
     </span>
     <span class='ocr_line' id='line_1_86' title="bbox 783 3996 1357 4062; baseline -0.003 -16"><span class='ocrx_word' id='word_1_610' title='bbox 783 3999 904 4048; x_wconf 82' lang='lat' dir='ltr'><strong>sorensem</strong></span> <span class='ocrx_word' id='word_1_611' title='bbox 921 3997 988 4047; x_wconf 86' lang='lat' dir='ltr'><strong>velat</strong></span> <span class='ocrx_word' id='word_1_612' title='bbox 1008 3997 1152 4062; x_wconf 87' lang='lat' dir='ltr'><strong>praepilatis</strong></span> <span class='ocrx_word' id='word_1_613' title='bbox 1169 3997 1275 4046; x_wconf 86' lang='lat' dir='ltr'><strong>exerceri</strong></span> <span class='ocrx_word' id='word_1_614' title='bbox 1292 3996 1357 4045; x_wconf 88' lang='lat' dir='ltr'><strong>sole-</strong></span> 
     </span>
     <span class='ocr_line' id='line_1_87' title="bbox 782 4065 877 4114; baseline -0.021 0"><span class='ocrx_word' id='word_1_615' title='bbox 782 4065 877 4114; x_wconf 86' lang='lat' dir='ltr'><strong>barnas.</strong></span> 
     </span>
    </p>

    <p class='ocr_par' dir='ltr' id='par_1_16' title="bbox 782 4124 1359 4438">
     <span class='ocr_line' id='line_1_88' title="bbox 818 4124 1357 4189; baseline -0.007 -11"><span class='ocrx_word' id='word_1_616' title='bbox 818 4143 856 4178; x_wconf 83' lang='grc'><strong>11.</strong></span> <span class='ocrx_word' id='word_1_617' title='bbox 875 4143 986 4185; x_wconf 83' lang='lat' dir='ltr'><strong>semper</strong></span> <span class='ocrx_word' id='word_1_618' title='bbox 1000 4141 1116 4185; x_wconf 87' lang='lat' dir='ltr'><strong>novum,</strong></span> <span class='ocrx_word' id='word_1_619' title='bbox 1129 4130 1200 4174; x_wconf 87' lang='lat' dir='ltr'><strong>‘ever</strong></span> <span class='ocrx_word' id='word_1_620' title='bbox 1215 4124 1357 4189; x_wconf 88' lang='lat' dir='ltr'><strong>changing‚&#39;</strong></span> 
     </span>
     <span class='ocr_line' id='line_1_89' title="bbox 782 4192 1358 4244; baseline -0.007 -2"><span class='ocrx_word' id='word_1_621' title='bbox 782 4194 829 4244; x_wconf 78' lang='lat' dir='ltr'><strong>ie.</strong></span> <span class='ocrx_word' id='word_1_622' title='bbox 849 4193 892 4243; x_wconf 92' lang='lat' dir='ltr'><strong>the</strong></span> <span class='ocrx_word' id='word_1_623' title='bbox 915 4194 1033 4242; x_wconf 87' lang='lat' dir='ltr'><strong>audienoe</strong></span> <span class='ocrx_word' id='word_1_624' title='bbox 1054 4207 1105 4241; x_wconf 85' lang='lat' dir='ltr'><strong>was</strong></span> <span class='ocrx_word' id='word_1_625' title='bbox 1127 4205 1202 4238; x_wconf 90' lang='lat' dir='ltr'><strong>never</strong></span> <span class='ocrx_word' id='word_1_626' title='bbox 1221 4192 1263 4239; x_wconf 93' lang='lat' dir='ltr'><strong>the</strong></span> <span class='ocrx_word' id='word_1_627' title='bbox 1282 4207 1358 4241; x_wconf 86' lang='lat' dir='ltr'><strong>same.</strong></span> 
     </span>
     <span class='ocr_line' id='line_1_90' title="bbox 784 4257 1358 4320; baseline -0.007 -10"><span class='ocrx_word' id='word_1_628' title='bbox 784 4257 1358 4320; x_wconf 85' lang='lat' dir='ltr'><strong>Gudemanunneccessarilyproposestoreject</strong></span> 
     </span>
     <span class='ocr_line' id='line_1_91' title="bbox 783 4320 1359 4386; baseline -0.007 -12"><span class='ocrx_word' id='word_1_629' title='bbox 783 4326 853 4375; x_wconf 91' lang='lat' dir='ltr'><strong>these</strong></span> <span class='ocrx_word' id='word_1_630' title='bbox 859 4324 941 4372; x_wconf 90' lang='lat' dir='ltr'><strong>words</strong></span> <span class='ocrx_word' id='word_1_631' title='bbox 949 4338 977 4371; x_wconf 86' lang='lat' dir='ltr'><strong>as</strong></span> <span class='ocrx_word' id='word_1_632' title='bbox 985 4339 1016 4371; x_wconf 88' lang='lat' dir='ltr'><strong>an</strong></span> <span class='ocrx_word' id='word_1_633' title='bbox 1026 4320 1201 4386; x_wconf 87' lang='lat' dir='ltr'><strong>interpolation</strong></span> <span class='ocrx_word' id='word_1_634' title='bbox 1210 4338 1216 4370; x_wconf 76' lang='grc' dir='ltr'><strong><em>ε</em></strong></span> <span class='ocrx_word' id='word_1_635' title='bbox 1229 4337 1267 4385; x_wconf 92' lang='lat' dir='ltr'><strong>cp.</strong></span> <span class='ocrx_word' id='word_1_636' title='bbox 1277 4322 1359 4371; x_wconf 93' lang='lat' dir='ltr'><strong>below</strong></span> 
     </span>
     <span class='ocr_line' id='line_1_92' title="bbox 785 4384 1149 4438; baseline -0.011 0"><span class='ocrx_word' id='word_1_637' title='bbox 785 4394 850 4438; x_wconf 87' lang='lat' dir='ltr'><strong>‘non</strong></span> <span class='ocrx_word' id='word_1_638' title='bbox 861 4389 918 4437; x_wconf 84' lang='lat' dir='ltr'><strong>novi</strong></span> <span class='ocrx_word' id='word_1_639' title='bbox 930 4389 1040 4437; x_wconf 89' lang='lat' dir='ltr'><strong>iudicum</strong></span> <span class='ocrx_word' id='word_1_640' title='bbox 1051 4384 1149 4436; x_wconf 88' lang='lat' dir='ltr'><strong>vultus.&#39;</strong></span> 
     </span>
    </p>

    <p class='ocr_par' dir='ltr' id='par_1_17' title="bbox 815 4451 1359 4516">
     <span class='ocr_line' id='line_1_93' title="bbox 815 4451 1359 4516; baseline -0.006 -12"><span class='ocrx_word' id='word_1_641' title='bbox 815 4470 852 4505; x_wconf 85' lang='lat' dir='ltr'><strong>ex</strong></span> <span class='ocrx_word' id='word_1_642' title='bbox 863 4457 971 4504; x_wconf 80' lang='lat' dir='ltr'><strong>invidia</strong></span> <span class='ocrx_word' id='word_1_643' title='bbox 982 4459 1011 4504; x_wconf 80' lang='lat' dir='ltr'><strong>et</strong></span> <span class='ocrx_word' id='word_1_644' title='bbox 1022 4455 1193 4512; x_wconf 80' lang='lat' dir='ltr'><strong>faventibus,</strong></span> <span class='ocrx_word' id='word_1_645' title='bbox 1209 4451 1359 4516; x_wconf 89' lang='lat' dir='ltr'><strong>‘composed</strong></span> 
     </span>
    </p>
   </div>
   <div class='ocr_carea' id='block_1_9' title="bbox 0 0 1537 5032">
    <p class='ocr_par' dir='ltr' id='par_1_18' title="bbox 0 0 1537 5032">
     <span class='ocr_line' id='line_1_94' title="bbox 0 0 1537 5032; baseline 0 0"><span class='ocrx_word' id='word_1_646' title='bbox 0 0 1537 5032; x_wconf 95' lang='lat' dir='ltr'><strong> </strong></span> 
     </span>
    </p>
   </div>
  </div>
 </body>
</html>
