<?xml version="1.0" encoding="UTF-8"?>
<!DOCTYPE html PUBLIC "-//W3C//DTD XHTML 1.0 Transitional//EN"
    "http://www.w3.org/TR/xhtml1/DTD/xhtml1-transitional.dtd">
<html xmlns="http://www.w3.org/1999/xhtml" xml:lang="en" lang="en">
 <head>
  <title>
</title>
<meta http-equiv="Content-Type" content="text/html;charset=utf-8" />
  <meta name='ocr-system' content='tesseract 3.04.00' />
  <meta name='ocr-capabilities' content='ocr_page ocr_carea ocr_par ocr_line ocrx_word'/>
</head>
<body>
  <div class='ocr_page' id='page_1' title='image "./corneliitacitid00petegoog_0163.png"; bbox 0 0 3046 5032; ppageno 0'>
   <div class='ocr_carea' id='block_1_1' title="bbox 209 331 1016 444">
    <p class='ocr_par' dir='ltr' id='par_1_1' title="bbox 209 331 1016 444">
     <span class='ocr_line' id='line_1_1' title="bbox 209 331 1016 444; baseline -0.005 -20"><span class='ocrx_word' id='word_1_1' title='bbox 209 360 251 444; x_wconf 86' lang='lat'>58</span> <span class='ocrx_word' id='word_1_2' title='bbox 546 331 551 339; x_wconf 75' lang='grc'>’</span> <span class='ocrx_word' id='word_1_3' title='bbox 600 360 1016 426; x_wconf 73' lang='lat' dir='ltr'>connaturalem</span> 
     </span>
    </p>
   </div>
   <div class='ocr_carea' id='block_1_2' title="bbox 163 530 1504 1290">
    <p class='ocr_par' dir='ltr' id='par_1_2' title="bbox 163 530 1407 951">
     <span class='ocr_line' id='line_1_2' title="bbox 208 530 1407 617; baseline 0 -21"><span class='ocrx_word' id='word_1_4' title='bbox 208 531 358 598; x_wconf 86' lang='lat' dir='ltr'><strong>redolent</strong></span> <span class='ocrx_word' id='word_1_5' title='bbox 373 532 606 616; x_wconf 87' lang='lat' dir='ltr'>antiquitatem</span> <span class='ocrx_word' id='word_1_6' title='bbox 620 554 628 611; x_wconf 91' lang='grc'><strong>;</strong></span> <span class='ocrx_word' id='word_1_7' title='bbox 650 553 709 597; x_wconf 92' lang='lat' dir='ltr'>nec</span> <span class='ocrx_word' id='word_1_8' title='bbox 724 552 926 616; x_wconf 86' lang='lat' dir='ltr'><strong>quemquam</strong></span> <span class='ocrx_word' id='word_1_9' title='bbox 938 533 1023 596; x_wconf 89' lang='lat' dir='ltr'>adeo</span> <span class='ocrx_word' id='word_1_10' title='bbox 1036 530 1256 614; x_wconf 90' lang='lat' dir='ltr'>antiquarium</span> <span class='ocrx_word' id='word_1_11' title='bbox 1272 541 1355 617; x_wconf 89' lang='lat' dir='ltr'>puto</span> <span class='ocrx_word' id='word_1_12' title='bbox 1368 538 1407 596; x_wconf 91' lang='lat' dir='ltr'>ut</span> 
     </span>
     <span class='ocr_line' id='line_1_3' title="bbox 210 643 1407 727; baseline -0.002 -18"><span class='ocrx_word' id='word_1_13' title='bbox 210 644 360 709; x_wconf 92' lang='lat' dir='ltr'>Caelium</span> <span class='ocrx_word' id='word_1_14' title='bbox 376 667 420 709; x_wconf 89' lang='lat' dir='ltr'>ex</span> <span class='ocrx_word' id='word_1_15' title='bbox 436 667 475 709; x_wconf 91' lang='lat' dir='ltr'>ea</span> <span class='ocrx_word' id='word_1_16' title='bbox 490 656 585 727; x_wconf 90' lang='lat' dir='ltr'>parte</span> <span class='ocrx_word' id='word_1_17' title='bbox 599 643 712 709; x_wconf 89' lang='lat' dir='ltr'>laudet</span> <span class='ocrx_word' id='word_1_18' title='bbox 727 665 793 727; x_wconf 90' lang='lat' dir='ltr'>qua</span> <span class='ocrx_word' id='word_1_19' title='bbox 807 645 961 727; x_wconf 90' lang='lat' dir='ltr'>antiquus</span> <span class='ocrx_word' id='word_1_20' title='bbox 976 652 1035 708; x_wconf 88' lang='lat' dir='ltr'>est.</span> <span class='ocrx_word' id='word_1_21' title='bbox 1081 644 1311 710; x_wconf 74' lang='lat' dir='ltr'>concedamus</span> <span class='ocrx_word' id='word_1_22' title='bbox 1326 664 1407 708; x_wconf 91' lang='lat' dir='ltr'>sane</span> 
     </span>
     <span class='ocr_line' id='line_1_4' title="bbox 163 755 1406 841; baseline -0.001 -21"><span class='ocrx_word' id='word_1_23' title='bbox 163 775 195 812; x_wconf 81' lang='lat'>20</span> <span class='ocrx_word' id='word_1_24' title='bbox 211 755 247 822; x_wconf 91' lang='lat' dir='ltr'>C.</span> <span class='ocrx_word' id='word_1_25' title='bbox 258 757 389 822; x_wconf 86' lang='lat' dir='ltr'>Caesari</span> <span class='ocrx_word' id='word_1_26' title='bbox 405 767 442 821; x_wconf 93' lang='lat' dir='ltr'>ut</span> <span class='ocrx_word' id='word_1_27' title='bbox 458 767 591 841; x_wconf 93' lang='lat' dir='ltr'>propter</span> <span class='ocrx_word' id='word_1_28' title='bbox 603 757 863 839; x_wconf 84' lang='lat' dir='ltr'>magnitudinem</span> <span class='ocrx_word' id='word_1_29' title='bbox 875 757 1114 838; x_wconf 85' lang='lat' dir='ltr'>cogitationum</span> <span class='ocrx_word' id='word_1_30' title='bbox 1126 766 1159 820; x_wconf 95' lang='lat' dir='ltr'>et</span> <span class='ocrx_word' id='word_1_31' title='bbox 1171 756 1406 838; x_wconf 88' lang='lat' dir='ltr'>occupationes</span> 
     </span>
     <span class='ocr_line' id='line_1_5' title="bbox 208 868 1405 951; baseline 0.001 -21"><span class='ocrx_word' id='word_1_32' title='bbox 208 888 317 931; x_wconf 90' lang='lat' dir='ltr'>rerum</span> <span class='ocrx_word' id='word_1_33' title='bbox 334 869 441 932; x_wconf 91' lang='lat' dir='ltr'>minus</span> <span class='ocrx_word' id='word_1_34' title='bbox 456 869 489 931; x_wconf 94' lang='lat' dir='ltr'>in</span> <span class='ocrx_word' id='word_1_35' title='bbox 505 869 693 950; x_wconf 88' lang='lat' dir='ltr'>eloquentia</span> <span class='ocrx_word' id='word_1_36' title='bbox 707 868 852 933; x_wconf 84' lang='lat' dir='ltr'>effecerit</span> <span class='ocrx_word' id='word_1_37' title='bbox 867 888 967 951; x_wconf 89' lang='lat' dir='ltr'>quam</span> <span class='ocrx_word' id='word_1_38' title='bbox 988 868 1136 932; x_wconf 92' lang='lat' dir='ltr'>divinum</span> <span class='ocrx_word' id='word_1_39' title='bbox 1151 869 1221 932; x_wconf 92' lang='lat' dir='ltr'>eius</span> <span class='ocrx_word' id='word_1_40' title='bbox 1235 869 1405 951; x_wconf 83' lang='lat' dir='ltr'>ingenium</span> 
     </span>
    </p>

    <p class='ocr_par' dir='ltr' id='par_1_3' title="bbox 208 962 1504 1290">
     <span class='ocr_line' id='line_1_6' title="bbox 208 962 1504 1063; baseline -0.001 -20"><span class='ocrx_word' id='word_1_41' title='bbox 208 980 409 1063; x_wconf 91' lang='lat' dir='ltr'>postulabat,</span> <span class='ocrx_word' id='word_1_42' title='bbox 424 991 494 1045; x_wconf 89' lang='lat' dir='ltr'>tarn</span> <span class='ocrx_word' id='word_1_43' title='bbox 517 980 649 1046; x_wconf 84' lang='lat' dir='ltr'>hercule</span> <span class='ocrx_word' id='word_1_44' title='bbox 671 972 772 1062; x_wconf 89' lang='lat' dir='ltr'>quam</span> <span class='ocrx_word' id='word_1_45' title='bbox 797 980 935 1044; x_wconf 91' lang='lat' dir='ltr'>Brutum</span> <span class='ocrx_word' id='word_1_46' title='bbox 958 979 1187 1063; x_wconf 89' lang='lat' dir='ltr'>philosophiae</span> <span class='ocrx_word' id='word_1_47' title='bbox 1208 1000 1288 1044; x_wconf 89' lang='lat' dir='ltr'>suae</span> <span class='ocrx_word' id='word_1_48' title='bbox 1308 979 1405 1044; x_wconf 93' lang='lat' dir='ltr'>relin-</span> <span class='ocrx_word' id='word_1_49' title='bbox 1501 962 1504 967; x_wconf 49' lang='grc'>’</span> 
     </span>
     <span class='ocr_line' id='line_1_7' title="bbox 208 1089 1405 1176; baseline -0.001 -21"><span class='ocrx_word' id='word_1_50' title='bbox 208 1112 350 1174; x_wconf 91' lang='lat' dir='ltr'>quamus</span> <span class='ocrx_word' id='word_1_51' title='bbox 380 1089 470 1176; x_wconf 82' lang='lat' dir='ltr'>(nam</span> <span class='ocrx_word' id='word_1_52' title='bbox 501 1094 534 1156; x_wconf 92' lang='lat' dir='ltr'>in</span> <span class='ocrx_word' id='word_1_53' title='bbox 567 1093 770 1157; x_wconf 90' lang='lat' dir='ltr'>orationibus</span> <span class='ocrx_word' id='word_1_54' title='bbox 800 1093 959 1156; x_wconf 87' lang='lat' dir='ltr'>minorem</span> <span class='ocrx_word' id='word_1_55' title='bbox 991 1113 1063 1157; x_wconf 92' lang='lat' dir='ltr'>esse</span> <span class='ocrx_word' id='word_1_56' title='bbox 1092 1093 1180 1156; x_wconf 89' lang='lat' dir='ltr'>fama</span> <span class='ocrx_word' id='word_1_57' title='bbox 1209 1113 1269 1157; x_wconf 89' lang='lat' dir='ltr'>sua</span> <span class='ocrx_word' id='word_1_58' title='bbox 1303 1094 1405 1156; x_wconf 90' lang='lat' dir='ltr'>etiam</span> 
     </span>
     <span class='ocr_line' id='line_1_8' title="bbox 208 1202 1406 1290; baseline 0 -23"><span class='ocrx_word' id='word_1_59' title='bbox 208 1205 424 1268; x_wconf 89' lang='lat' dir='ltr'>admiratores</span> <span class='ocrx_word' id='word_1_60' title='bbox 439 1204 507 1269; x_wconf 92' lang='lat' dir='ltr'>eius</span> <span class='ocrx_word' id='word_1_61' title='bbox 523 1202 697 1290; x_wconf 79' lang='lat' dir='ltr'>fatentur):</span> <span class='ocrx_word' id='word_1_62' title='bbox 720 1205 784 1267; x_wconf 92' lang='lat' dir='ltr'>nisi</span> <span class='ocrx_word' id='word_1_63' title='bbox 806 1204 891 1269; x_wconf 91' lang='lat' dir='ltr'>forte</span> <span class='ocrx_word' id='word_1_64' title='bbox 913 1205 1086 1288; x_wconf 91' lang='lat' dir='ltr'>quisquam</span> <span class='ocrx_word' id='word_1_65' title='bbox 1102 1215 1161 1270; x_wconf 93' lang='lat' dir='ltr'>aut</span> <span class='ocrx_word' id='word_1_66' title='bbox 1177 1203 1328 1269; x_wconf 89' lang='lat' dir='ltr'>Caesaris</span> <span class='ocrx_word' id='word_1_67' title='bbox 1343 1224 1406 1286; x_wconf 87' lang='lat' dir='ltr'>pro</span> 
     </span>
    </p>
   </div>
   <div class='ocr_carea' id='block_1_3' title="bbox 200 1381 1409 1513">
    <p class='ocr_par' dir='ltr' id='par_1_4' title="bbox 200 1381 1409 1513">
     <span class='ocr_line' id='line_1_9' title="bbox 244 1381 1409 1445; baseline 0.001 -15"><span class='ocrx_word' id='word_1_68' title='bbox 244 1382 281 1432; x_wconf 91' lang='lat'>18.</span> <span class='ocrx_word' id='word_1_69' title='bbox 299 1383 408 1432; x_wconf 79' lang='lat' dir='ltr'>redolent</span> <span class='ocrx_word' id='word_1_70' title='bbox 419 1383 558 1444; x_wconf 80' lang='lat' dir='ltr'>ABEV,H,</span> <span class='ocrx_word' id='word_1_71' title='bbox 570 1384 680 1442; x_wconf 79' lang='lat' dir='ltr'>reddent,</span> <span class='ocrx_word' id='word_1_72' title='bbox 692 1383 747 1441; x_wconf 81' lang='lat' dir='ltr'>CA,</span> <span class='ocrx_word' id='word_1_73' title='bbox 758 1382 844 1431; x_wconf 77' lang='lat' dir='ltr'>radent</span> <span class='ocrx_word' id='word_1_74' title='bbox 853 1384 887 1431; x_wconf 90' lang='lat' dir='ltr'>D.</span> <span class='ocrx_word' id='word_1_75' title='bbox 966 1396 1005 1432; x_wconf 86' lang='lat'>21.</span> <span class='ocrx_word' id='word_1_76' title='bbox 1024 1383 1110 1432; x_wconf 83' lang='lat' dir='ltr'>minus</span> <span class='ocrx_word' id='word_1_77' title='bbox 1122 1399 1171 1432; x_wconf 90' lang='lat' dir='ltr'>om.</span> <span class='ocrx_word' id='word_1_78' title='bbox 1186 1382 1215 1432; x_wconf 94' lang='lat' dir='ltr'>C.</span> <span class='ocrx_word' id='word_1_79' title='bbox 1296 1397 1335 1445; x_wconf 91' lang='lat'>24.</span> <span class='ocrx_word' id='word_1_80' title='bbox 1352 1381 1409 1431; x_wconf 82' lang='lat' dir='ltr'>nisi</span> 
     </span>
     <span class='ocr_line' id='line_1_10' title="bbox 200 1447 1302 1513; baseline 0 -15"><span class='ocrx_word' id='word_1_81' title='bbox 200 1447 270 1513; x_wconf 78' lang='lat' dir='ltr'>sorte</span> <span class='ocrx_word' id='word_1_82' title='bbox 281 1449 363 1510; x_wconf 81' lang='lat' dir='ltr'>codd,</span> <span class='ocrx_word' id='word_1_83' title='bbox 375 1447 514 1512; x_wconf 81' lang='lat' dir='ltr'>numsorte</span> <span class='ocrx_word' id='word_1_84' title='bbox 526 1449 636 1509; x_wconf 82' lang='lat' dir='ltr'>Classen,</span> <span class='ocrx_word' id='word_1_85' title='bbox 648 1447 754 1512; x_wconf 76' lang='lat' dir='ltr'>mesore</span> <span class='ocrx_word' id='word_1_86' title='bbox 765 1448 914 1504; x_wconf 83' lang='lat' dir='ltr'>Gronovius,</span> <span class='ocrx_word' id='word_1_87' title='bbox 925 1448 1057 1510; x_wconf 82' lang='lat' dir='ltr'>Baehrens,</span> <span class='ocrx_word' id='word_1_88' title='bbox 1070 1464 1114 1497; x_wconf 84' lang='lat' dir='ltr'>nec</span> <span class='ocrx_word' id='word_1_89' title='bbox 1124 1449 1192 1498; x_wconf 81' lang='lat' dir='ltr'>enim</span> <span class='ocrx_word' id='word_1_90' title='bbox 1203 1448 1302 1499; x_wconf 82' lang='lat' dir='ltr'>Novak.</span> 
     </span>
    </p>
   </div>
   <div class='ocr_carea' id='block_1_4' title="bbox 205 1596 783 4533">
    <p class='ocr_par' dir='ltr' id='par_1_5' title="bbox 207 1596 783 3361">
     <span class='ocr_line' id='line_1_11' title="bbox 208 1596 781 1662; baseline -0.003 -13"><span class='ocrx_word' id='word_1_91' title='bbox 208 1596 390 1650; x_wconf 90' lang='lat' dir='ltr'>construetion.’</span> <span class='ocrx_word' id='word_1_92' title='bbox 426 1596 781 1662; x_wconf 60' lang='lat' dir='ltr'>Compositiootveeon-the</span> 
     </span>
     <span class='ocr_line' id='line_1_12' title="bbox 208 1663 781 1727; baseline -0.005 -12"><span class='ocrx_word' id='word_1_93' title='bbox 208 1665 379 1716; x_wconf 91' lang='lat' dir='ltr'>combination</span> <span class='ocrx_word' id='word_1_94' title='bbox 395 1664 425 1713; x_wconf 93' lang='lat' dir='ltr'>of</span> <span class='ocrx_word' id='word_1_95' title='bbox 437 1663 529 1727; x_wconf 85' lang='lat' dir='ltr'>words)</span> <span class='ocrx_word' id='word_1_96' title='bbox 549 1665 569 1713; x_wconf 89' lang='lat' dir='ltr'>is</span> <span class='ocrx_word' id='word_1_97' title='bbox 589 1664 685 1713; x_wconf 89' lang='lat' dir='ltr'>defined</span> <span class='ocrx_word' id='word_1_98' title='bbox 706 1664 732 1712; x_wconf 90' lang='lat' dir='ltr'>in</span> <span class='ocrx_word' id='word_1_99' title='bbox 748 1664 781 1712; x_wconf 91' lang='lat' dir='ltr'>ad</span> 
     </span>
     <span class='ocr_line' id='line_1_13' title="bbox 208 1731 780 1788; baseline -0.003 -8"><span class='ocrx_word' id='word_1_100' title='bbox 208 1731 317 1780; x_wconf 90' lang='lat' dir='ltr'>Herenn.</span> <span class='ocrx_word' id='word_1_101' title='bbox 336 1731 369 1778; x_wconf 87' lang='lat' dir='ltr'>iv.</span> <span class='ocrx_word' id='word_1_102' title='bbox 391 1743 429 1788; x_wconf 96' lang='lat'>12,</span> <span class='ocrx_word' id='word_1_103' title='bbox 451 1731 480 1776; x_wconf 94' lang='lat'>18</span> <span class='ocrx_word' id='word_1_104' title='bbox 503 1745 531 1778; x_wconf 89' lang='lat' dir='ltr'>as</span> <span class='ocrx_word' id='word_1_105' title='bbox 556 1731 701 1778; x_wconf 84' lang='lat' dir='ltr'>‘verborum</span> <span class='ocrx_word' id='word_1_106' title='bbox 723 1745 780 1778; x_wconf 91' lang='lat' dir='ltr'>cou-</span> 
     </span>
     <span class='ocr_line' id='line_1_14' title="bbox 209 1795 780 1861; baseline -0.004 -15"><span class='ocrx_word' id='word_1_107' title='bbox 209 1797 313 1846; x_wconf 87' lang='lat' dir='ltr'>structio</span> <span class='ocrx_word' id='word_1_108' title='bbox 324 1810 387 1860; x_wconf 90' lang='lat' dir='ltr'>quae</span> <span class='ocrx_word' id='word_1_109' title='bbox 398 1796 457 1844; x_wconf 88' lang='lat' dir='ltr'>facit</span> <span class='ocrx_word' id='word_1_110' title='bbox 469 1811 554 1844; x_wconf 91' lang='lat' dir='ltr'>omnes</span> <span class='ocrx_word' id='word_1_111' title='bbox 565 1803 648 1861; x_wconf 90' lang='lat' dir='ltr'>partes</span> <span class='ocrx_word' id='word_1_112' title='bbox 661 1795 780 1844; x_wconf 88' lang='lat' dir='ltr'>orationis</span> 
     </span>
     <span class='ocr_line' id='line_1_15' title="bbox 208 1858 778 1925; baseline -0.005 -14"><span class='ocrx_word' id='word_1_113' title='bbox 208 1878 222 1911; x_wconf 89' lang='lat' dir='ltr'>a</span> <span class='ocrx_word' id='word_1_114' title='bbox 254 1861 369 1910; x_wconf 89' lang='lat' dir='ltr'>nabiliter</span> <span class='ocrx_word' id='word_1_115' title='bbox 380 1860 517 1925; x_wconf 86' lang='lat' dir='ltr'>perpolitae</span> <span class='ocrx_word' id='word_1_116' title='bbox 525 1858 546 1909; x_wconf 80' lang='lat' dir='ltr'>&#39;z</span> <span class='ocrx_word' id='word_1_117' title='bbox 563 1877 601 1925; x_wconf 87' lang='lat' dir='ltr'>ep.</span> <span class='ocrx_word' id='word_1_118' title='bbox 612 1861 697 1923; x_wconf 86' lang='lat' dir='ltr'>Quint.</span> <span class='ocrx_word' id='word_1_119' title='bbox 710 1861 742 1908; x_wconf 86' lang='lat' dir='ltr'>ix.</span> <span class='ocrx_word' id='word_1_120' title='bbox 753 1875 778 1922; x_wconf 90' lang='lat'>4,</span> 
     </span>
     <span class='ocr_line' id='line_1_16' title="bbox 211 1876 779 1990; baseline -0.005 -15"><span class='ocrx_word' id='word_1_121' title='bbox 211 1876 257 1975; x_wconf 55' lang='lat' dir='ltr'>ti}</span> <span class='ocrx_word' id='word_1_122' title='bbox 269 1942 342 1990; x_wconf 90' lang='lat' dir='ltr'>quem</span> <span class='ocrx_word' id='word_1_123' title='bbox 354 1927 378 1973; x_wconf 93' lang='lat' dir='ltr'>in</span> <span class='ocrx_word' id='word_1_124' title='bbox 390 1934 505 1989; x_wconf 85' lang='lat' dir='ltr'>poemate</span> <span class='ocrx_word' id='word_1_125' title='bbox 522 1926 604 1975; x_wconf 91' lang='lat' dir='ltr'>locum</span> <span class='ocrx_word' id='word_1_126' title='bbox 619 1926 695 1975; x_wconf 91' lang='lat' dir='ltr'>habet</span> <span class='ocrx_word' id='word_1_127' title='bbox 706 1927 779 1974; x_wconf 90' lang='lat' dir='ltr'>versi·</span> 
     </span>
     <span class='ocr_line' id='line_1_17' title="bbox 207 1990 780 2054; baseline -0.003 -14"><span class='ocrx_word' id='word_1_128' title='bbox 207 1991 292 2041; x_wconf 88' lang='lat' dir='ltr'>hcatio</span> <span class='ocrx_word' id='word_1_129' title='bbox 304 2007 359 2040; x_wconf 89' lang='lat' dir='ltr'>eam</span> <span class='ocrx_word' id='word_1_130' title='bbox 368 1991 393 2038; x_wconf 90' lang='lat' dir='ltr'>in</span> <span class='ocrx_word' id='word_1_131' title='bbox 403 1992 514 2040; x_wconf 89' lang='lat' dir='ltr'>oratione</span> <span class='ocrx_word' id='word_1_132' title='bbox 521 1991 676 2054; x_wconf 90' lang='lat' dir='ltr'>compositio.</span> <span class='ocrx_word' id='word_1_133' title='bbox 702 1990 780 2040; x_wconf 80' lang='lat' dir='ltr'>Verba</span> 
     </span>
     <span class='ocr_line' id='line_1_18' title="bbox 208 2056 780 2120; baseline 0 -15"><span class='ocrx_word' id='word_1_134' title='bbox 208 2057 258 2105; x_wconf 88' lang='lat' dir='ltr'>aud</span> <span class='ocrx_word' id='word_1_135' title='bbox 277 2056 414 2120; x_wconf 78' lang='lat' dir='ltr'>compositio</span> <span class='ocrx_word' id='word_1_136' title='bbox 433 2072 474 2105; x_wconf 89' lang='lat' dir='ltr'>are</span> <span class='ocrx_word' id='word_1_137' title='bbox 492 2057 632 2119; x_wconf 90' lang='lat' dir='ltr'>constautly</span> <span class='ocrx_word' id='word_1_138' title='bbox 649 2056 780 2120; x_wconf 85' lang='lat' dir='ltr'>conjoined</span> 
     </span>
     <span class='ocr_line' id='line_1_19' title="bbox 208 2121 778 2185; baseline 0.002 -15"><span class='ocrx_word' id='word_1_139' title='bbox 208 2124 234 2171; x_wconf 89' lang='lat' dir='ltr'>in</span> <span class='ocrx_word' id='word_1_140' title='bbox 252 2122 302 2171; x_wconf 90' lang='lat' dir='ltr'>this</span> <span class='ocrx_word' id='word_1_141' title='bbox 321 2137 391 2183; x_wconf 86' lang='lat' dir='ltr'>way:</span> <span class='ocrx_word' id='word_1_142' title='bbox 419 2137 472 2185; x_wconf 80' lang='lat' dir='ltr'>eg.</span> <span class='ocrx_word' id='word_1_143' title='bbox 493 2121 578 2184; x_wconf 90' lang='lat' dir='ltr'>Quint.</span> <span class='ocrx_word' id='word_1_144' title='bbox 596 2137 619 2170; x_wconf 75' lang='lat' dir='ltr'>x</span> <span class='ocrx_word' id='word_1_145' title='bbox 639 2134 661 2180; x_wconf 90' lang='lat'>1,</span> <span class='ocrx_word' id='word_1_146' title='bbox 684 2126 696 2180; x_wconf 86' lang='lat'>5</span> <span class='ocrx_word' id='word_1_147' title='bbox 717 2125 778 2171; x_wconf 83' lang='lat'>118:</span> 
     </span>
     <span class='ocr_line' id='line_1_20' title="bbox 210 2187 781 2250; baseline -0.002 -14"><span class='ocrx_word' id='word_1_148' title='bbox 210 2191 333 2247; x_wconf 77' lang='lat' dir='ltr'>a,513:</span> <span class='ocrx_word' id='word_1_149' title='bbox 360 2200 381 2247; x_wconf 88' lang='lat'>3,</span> <span class='ocrx_word' id='word_1_150' title='bbox 404 2191 416 2245; x_wconf 87' lang='lat'>5</span> <span class='ocrx_word' id='word_1_151' title='bbox 437 2201 468 2250; x_wconf 80' lang='lat'>93</span> <span class='ocrx_word' id='word_1_152' title='bbox 496 2189 534 2235; x_wconf 78' lang='lat'>22.</span> <span class='ocrx_word' id='word_1_153' title='bbox 557 2201 570 2248; x_wconf 81' lang='lat'>5</span> <span class='ocrx_word' id='word_1_154' title='bbox 594 2187 682 2236; x_wconf 76' lang='lat' dir='ltr'>below,</span> <span class='ocrx_word' id='word_1_155' title='bbox 730 2188 781 2235; x_wconf 88' lang='lat' dir='ltr'>For</span> 
     </span>
     <span class='ocr_line' id='line_1_21' title="bbox 209 2251 779 2316; baseline 0 -15"><span class='ocrx_word' id='word_1_156' title='bbox 209 2253 284 2301; x_wconf 77' lang='lat' dir='ltr'>hians</span> <span class='ocrx_word' id='word_1_157' title='bbox 293 2251 480 2313; x_wconf 88' lang='lat' dir='ltr'>(unconneeted,</span> <span class='ocrx_word' id='word_1_158' title='bbox 490 2251 641 2300; x_wconf 87' lang='lat' dir='ltr'>‘dislocated</span> <span class='ocrx_word' id='word_1_159' title='bbox 649 2251 667 2313; x_wconf 86' lang='lat'>&#39;)</span> <span class='ocrx_word' id='word_1_160' title='bbox 677 2268 716 2316; x_wconf 91' lang='lat' dir='ltr'>cp.</span> <span class='ocrx_word' id='word_1_161' title='bbox 725 2253 779 2302; x_wconf 89' lang='lat' dir='ltr'>Cic.</span> 
     </span>
     <span class='ocr_line' id='line_1_22' title="bbox 209 2316 781 2382; baseline 0.002 -17"><span class='ocrx_word' id='word_1_162' title='bbox 209 2317 252 2366; x_wconf 91' lang='lat' dir='ltr'>Or.</span> <span class='ocrx_word' id='word_1_163' title='bbox 267 2321 279 2374; x_wconf 91' lang='lat'>5</span> <span class='ocrx_word' id='word_1_164' title='bbox 294 2330 323 2378; x_wconf 80' lang='lat'>32</span> <span class='ocrx_word' id='word_1_165' title='bbox 343 2331 398 2364; x_wconf 91' lang='lat' dir='ltr'>cum</span> <span class='ocrx_word' id='word_1_166' title='bbox 415 2316 503 2364; x_wconf 90' lang='lat' dir='ltr'>mutila</span> <span class='ocrx_word' id='word_1_167' title='bbox 514 2323 539 2365; x_wconf 91' lang='lat' dir='ltr'>et</span> <span class='ocrx_word' id='word_1_168' title='bbox 550 2317 644 2366; x_wconf 86' lang='lat' dir='ltr'>hiantia</span> <span class='ocrx_word' id='word_1_169' title='bbox 659 2318 781 2382; x_wconf 87' lang='lat' dir='ltr'>quaedam</span> 
     </span>
     <span class='ocr_line' id='line_1_23' title="bbox 207 2381 779 2443; baseline 0 -12"><span class='ocrx_word' id='word_1_170' title='bbox 207 2383 287 2433; x_wconf 89' lang='lat' dir='ltr'>locuti</span> <span class='ocrx_word' id='word_1_171' title='bbox 298 2388 368 2430; x_wconf 89' lang='lat' dir='ltr'>sunt:</span> <span class='ocrx_word' id='word_1_172' title='bbox 386 2381 471 2443; x_wconf 87' lang='lat' dir='ltr'>Quint.</span> <span class='ocrx_word' id='word_1_173' title='bbox 483 2382 534 2431; x_wconf 89' lang='lat' dir='ltr'>viii.</span> <span class='ocrx_word' id='word_1_174' title='bbox 546 2381 570 2442; x_wconf 86' lang='lat'>6,</span> <span class='ocrx_word' id='word_1_175' title='bbox 582 2381 613 2430; x_wconf 89' lang='lat'>62</span> <span class='ocrx_word' id='word_1_176' title='bbox 626 2382 654 2431; x_wconf 90' lang='lat' dir='ltr'>fit</span> <span class='ocrx_word' id='word_1_177' title='bbox 666 2383 746 2431; x_wconf 91' lang='lat' dir='ltr'>enim.</span> <span class='ocrx_word' id='word_1_178' title='bbox 756 2420 779 2432; x_wconf 92' lang='lat'>..</span> 
     </span>
     <span class='ocr_line' id='line_1_24' title="bbox 208 2446 781 2507; baseline 0 -11"><span class='ocrx_word' id='word_1_179' title='bbox 208 2447 329 2496; x_wconf 89' lang='lat' dir='ltr'>dissoluta</span> <span class='ocrx_word' id='word_1_180' title='bbox 336 2454 360 2496; x_wconf 89' lang='lat' dir='ltr'>et</span> <span class='ocrx_word' id='word_1_181' title='bbox 369 2446 440 2496; x_wconf 90' lang='lat' dir='ltr'>hians</span> <span class='ocrx_word' id='word_1_182' title='bbox 447 2448 535 2507; x_wconf 89' lang='lat' dir='ltr'>oratio,</span> <span class='ocrx_word' id='word_1_183' title='bbox 544 2448 565 2496; x_wconf 90' lang='lat' dir='ltr'>si</span> <span class='ocrx_word' id='word_1_184' title='bbox 573 2447 605 2495; x_wconf 92' lang='lat' dir='ltr'>ad</span> <span class='ocrx_word' id='word_1_185' title='bbox 611 2449 781 2497; x_wconf 88' lang='lat' dir='ltr'>necessitatem</span> 
     </span>
     <span class='ocr_line' id='line_1_25' title="bbox 208 2511 780 2578; baseline -0.002 -16"><span class='ocrx_word' id='word_1_186' title='bbox 208 2514 301 2562; x_wconf 89' lang='lat' dir='ltr'>ordinis</span> <span class='ocrx_word' id='word_1_187' title='bbox 318 2511 355 2560; x_wconf 89' lang='lat' dir='ltr'>sui</span> <span class='ocrx_word' id='word_1_188' title='bbox 370 2513 445 2561; x_wconf 87' lang='lat' dir='ltr'>verba</span> <span class='ocrx_word' id='word_1_189' title='bbox 461 2512 611 2576; x_wconf 87' lang='lat' dir='ltr'>redigantur,</span> <span class='ocrx_word' id='word_1_190' title='bbox 622 2521 647 2562; x_wconf 94' lang='lat' dir='ltr'>et</span> <span class='ocrx_word' id='word_1_191' title='bbox 657 2522 685 2563; x_wconf 90' lang='lat' dir='ltr'>ut</span> <span class='ocrx_word' id='word_1_192' title='bbox 702 2514 780 2578; x_wconf 91' lang='lat' dir='ltr'>quod·</span> 
     </span>
     <span class='ocr_line' id='line_1_26' title="bbox 208 2577 781 2643; baseline 0.002 -16"><span class='ocrx_word' id='word_1_193' title='bbox 208 2594 256 2643; x_wconf 93' lang='lat' dir='ltr'>que</span> <span class='ocrx_word' id='word_1_194' title='bbox 273 2578 358 2638; x_wconf 90' lang='lat' dir='ltr'>oritur,</span> <span class='ocrx_word' id='word_1_195' title='bbox 371 2578 406 2626; x_wconf 89' lang='lat' dir='ltr'>ita</span> <span class='ocrx_word' id='word_1_196' title='bbox 423 2577 549 2641; x_wconf 87' lang='lat' dir='ltr'>proximis,</span> <span class='ocrx_word' id='word_1_197' title='bbox 564 2579 638 2626; x_wconf 89' lang='lat' dir='ltr'>etiam</span> <span class='ocrx_word' id='word_1_198' title='bbox 656 2579 676 2627; x_wconf 92' lang='lat' dir='ltr'>si</span> <span class='ocrx_word' id='word_1_199' title='bbox 693 2579 781 2628; x_wconf 84' lang='lat' dir='ltr'>vinciri</span> 
     </span>
     <span class='ocr_line' id='line_1_27' title="bbox 208 2643 781 2707; baseline 0.003 -15"><span class='ocrx_word' id='word_1_200' title='bbox 208 2659 258 2693; x_wconf 92' lang='lat' dir='ltr'>nou</span> <span class='ocrx_word' id='word_1_201' title='bbox 270 2650 358 2707; x_wconf 90' lang='lat' dir='ltr'>potest,</span> <span class='ocrx_word' id='word_1_202' title='bbox 371 2643 614 2706; x_wconf 72' lang='lat' dir='ltr'>adfigatur-There</span> <span class='ocrx_word' id='word_1_203' title='bbox 625 2646 647 2693; x_wconf 92' lang='lat' dir='ltr'>is</span> <span class='ocrx_word' id='word_1_204' title='bbox 658 2644 687 2693; x_wconf 93' lang='lat' dir='ltr'>of</span> <span class='ocrx_word' id='word_1_205' title='bbox 695 2661 781 2694; x_wconf 91' lang='lat' dir='ltr'>course</span> 
     </span>
     <span class='ocr_line' id='line_1_28' title="bbox 208 2708 781 2768; baseline 0 -10"><span class='ocrx_word' id='word_1_206' title='bbox 208 2725 224 2758; x_wconf 88' lang='lat' dir='ltr'>a</span> <span class='ocrx_word' id='word_1_207' title='bbox 234 2725 357 2758; x_wconf 91' lang='lat' dir='ltr'>narrower</span> <span class='ocrx_word' id='word_1_208' title='bbox 368 2724 436 2758; x_wconf 92' lang='lat' dir='ltr'>sense</span> <span class='ocrx_word' id='word_1_209' title='bbox 448 2709 476 2757; x_wconf 94' lang='lat' dir='ltr'>of</span> <span class='ocrx_word' id='word_1_210' title='bbox 488 2708 582 2768; x_wconf 77' lang='lat' dir='ltr'>friatur,</span> <span class='ocrx_word' id='word_1_211' title='bbox 594 2709 631 2758; x_wconf 94' lang='lat' dir='ltr'>for</span> <span class='ocrx_word' id='word_1_212' title='bbox 643 2710 725 2760; x_wconf 84' lang='lat' dir='ltr'>which</span> <span class='ocrx_word' id='word_1_213' title='bbox 741 2725 781 2758; x_wconf 89' lang='lat' dir='ltr'>see</span> 
     </span>
     <span class='ocr_line' id='line_1_29' title="bbox 209 2775 781 2837; baseline -0.002 -13"><span class='ocrx_word' id='word_1_214' title='bbox 209 2775 262 2825; x_wconf 86' lang='lat' dir='ltr'>Cic.</span> <span class='ocrx_word' id='word_1_215' title='bbox 275 2776 306 2823; x_wconf 90' lang='lat' dir='ltr'>de</span> <span class='ocrx_word' id='word_1_216' title='bbox 317 2775 360 2824; x_wconf 91' lang='lat' dir='ltr'>Or.</span> <span class='ocrx_word' id='word_1_217' title='bbox 372 2775 407 2822; x_wconf 90' lang='lat' dir='ltr'>iii.</span> <span class='ocrx_word' id='word_1_218' title='bbox 421 2778 449 2833; x_wconf 85' lang='lat'>55</span> <span class='ocrx_word' id='word_1_219' title='bbox 464 2784 557 2837; x_wconf 84' lang='lat'>171-2:</span> <span class='ocrx_word' id='word_1_220' title='bbox 576 2775 619 2824; x_wconf 88' lang='lat' dir='ltr'>Or.</span> <span class='ocrx_word' id='word_1_221' title='bbox 635 2779 648 2833; x_wconf 97' lang='lat'>5</span> <span class='ocrx_word' id='word_1_222' title='bbox 663 2790 703 2835; x_wconf 81' lang='lat' dir='ltr'>no,</span> <span class='ocrx_word' id='word_1_223' title='bbox 718 2789 781 2837; x_wconf 89' lang='lat'>149-</span> 
     </span>
     <span class='ocr_line' id='line_1_30' title="bbox 209 2840 782 2905; baseline -0.002 -16"><span class='ocrx_word' id='word_1_224' title='bbox 209 2854 249 2903; x_wconf 89' lang='lat'>50,</span> <span class='ocrx_word' id='word_1_225' title='bbox 262 2840 342 2888; x_wconf 90' lang='lat' dir='ltr'>where</span> <span class='ocrx_word' id='word_1_226' title='bbox 359 2841 404 2888; x_wconf 91' lang='lat' dir='ltr'>Dr.</span> <span class='ocrx_word' id='word_1_227' title='bbox 417 2840 513 2904; x_wconf 88' lang='lat' dir='ltr'>Sandys</span> <span class='ocrx_word' id='word_1_228' title='bbox 529 2840 655 2904; x_wconf 85' lang='lat' dir='ltr'>explains:</span> <span class='ocrx_word' id='word_1_229' title='bbox 673 2842 782 2905; x_wconf 89' lang='lat' dir='ltr'>‘Proper</span> 
     </span>
     <span class='ocr_line' id='line_1_31' title="bbox 207 2905 781 2968; baseline 0.002 -15"><span class='ocrx_word' id='word_1_230' title='bbox 207 2905 279 2968; x_wconf 85' lang='lat' dir='ltr'>paine</span> <span class='ocrx_word' id='word_1_231' title='bbox 296 2913 362 2953; x_wconf 90' lang='lat' dir='ltr'>must</span> <span class='ocrx_word' id='word_1_232' title='bbox 373 2906 404 2954; x_wconf 92' lang='lat' dir='ltr'>be</span> <span class='ocrx_word' id='word_1_233' title='bbox 418 2905 546 2954; x_wconf 89' lang='lat' dir='ltr'>bestowed</span> <span class='ocrx_word' id='word_1_234' title='bbox 557 2922 590 2954; x_wconf 92' lang='lat' dir='ltr'>on</span> <span class='ocrx_word' id='word_1_235' title='bbox 606 2907 648 2955; x_wconf 90' lang='lat' dir='ltr'>the</span> <span class='ocrx_word' id='word_1_236' title='bbox 664 2907 781 2955; x_wconf 88' lang='lat' dir='ltr'>relations</span> 
     </span>
     <span class='ocr_line' id='line_1_32' title="bbox 207 2970 780 3034; baseline 0 -14"><span class='ocrx_word' id='word_1_237' title='bbox 207 2972 318 3020; x_wconf 91' lang='lat' dir='ltr'>between</span> <span class='ocrx_word' id='word_1_238' title='bbox 330 2970 372 3020; x_wconf 82' lang='lat' dir='ltr'>the</span> <span class='ocrx_word' id='word_1_239' title='bbox 383 2970 431 3019; x_wconf 84' lang='lat' dir='ltr'>last</span> <span class='ocrx_word' id='word_1_240' title='bbox 442 2970 546 3034; x_wconf 91' lang='lat' dir='ltr'>syllable</span> <span class='ocrx_word' id='word_1_241' title='bbox 559 2971 587 3019; x_wconf 94' lang='lat' dir='ltr'>of</span> <span class='ocrx_word' id='word_1_242' title='bbox 596 2986 643 3020; x_wconf 92' lang='lat' dir='ltr'>one</span> <span class='ocrx_word' id='word_1_243' title='bbox 650 2972 720 3020; x_wconf 90' lang='lat' dir='ltr'>word</span> <span class='ocrx_word' id='word_1_244' title='bbox 731 2972 780 3020; x_wconf 91' lang='lat' dir='ltr'>and</span> 
     </span>
     <span class='ocr_line' id='line_1_33' title="bbox 208 3035 780 3100; baseline 0.002 -15"><span class='ocrx_word' id='word_1_245' title='bbox 208 3036 251 3085; x_wconf 92' lang='lat' dir='ltr'>the</span> <span class='ocrx_word' id='word_1_246' title='bbox 263 3035 315 3084; x_wconf 89' lang='lat' dir='ltr'>first</span> <span class='ocrx_word' id='word_1_247' title='bbox 326 3035 431 3098; x_wconf 91' lang='lat' dir='ltr'>syllable</span> <span class='ocrx_word' id='word_1_248' title='bbox 442 3038 471 3084; x_wconf 93' lang='lat' dir='ltr'>of</span> <span class='ocrx_word' id='word_1_249' title='bbox 479 3035 521 3085; x_wconf 92' lang='lat' dir='ltr'>the</span> <span class='ocrx_word' id='word_1_250' title='bbox 532 3045 598 3097; x_wconf 87' lang='lat' dir='ltr'>next,</span> <span class='ocrx_word' id='word_1_251' title='bbox 610 3052 639 3085; x_wconf 92' lang='lat' dir='ltr'>so</span> <span class='ocrx_word' id='word_1_252' title='bbox 650 3052 678 3085; x_wconf 91' lang='lat' dir='ltr'>as</span> <span class='ocrx_word' id='word_1_253' title='bbox 688 3046 715 3086; x_wconf 91' lang='lat' dir='ltr'>to</span> <span class='ocrx_word' id='word_1_254' title='bbox 727 3052 780 3100; x_wconf 91' lang='lat' dir='ltr'>pre·</span> 
     </span>
     <span class='ocr_line' id='line_1_34' title="bbox 207 3100 781 3165; baseline 0 -16"><span class='ocrx_word' id='word_1_255' title='bbox 207 3108 265 3150; x_wconf 85' lang='lat' dir='ltr'>vent</span> <span class='ocrx_word' id='word_1_256' title='bbox 277 3102 319 3149; x_wconf 90' lang='lat' dir='ltr'>the</span> <span class='ocrx_word' id='word_1_257' title='bbox 334 3116 494 3150; x_wconf 85' lang='lat' dir='ltr'>concurrence</span> <span class='ocrx_word' id='word_1_258' title='bbox 506 3102 534 3149; x_wconf 93' lang='lat' dir='ltr'>of</span> <span class='ocrx_word' id='word_1_259' title='bbox 546 3100 647 3165; x_wconf 89' lang='lat' dir='ltr'>harshly</span> <span class='ocrx_word' id='word_1_260' title='bbox 658 3103 781 3165; x_wconf 88' lang='lat' dir='ltr'>sounding</span> 
     </span>
     <span class='ocr_line' id='line_1_35' title="bbox 207 3167 783 3231; baseline 0 -15"><span class='ocrx_word' id='word_1_261' title='bbox 207 3173 358 3216; x_wconf 85' lang='lat' dir='ltr'>consonants</span> <span class='ocrx_word' id='word_1_262' title='bbox 368 3181 395 3213; x_wconf 90' lang='lat' dir='ltr'>as</span> <span class='ocrx_word' id='word_1_263' title='bbox 406 3167 463 3215; x_wconf 91' lang='lat' dir='ltr'>well</span> <span class='ocrx_word' id='word_1_264' title='bbox 474 3182 502 3214; x_wconf 90' lang='lat' dir='ltr'>as</span> <span class='ocrx_word' id='word_1_265' title='bbox 513 3167 555 3216; x_wconf 92' lang='lat' dir='ltr'>the</span> <span class='ocrx_word' id='word_1_266' title='bbox 564 3167 742 3231; x_wconf 89' lang='lat' dir='ltr'>juxtaposition</span> <span class='ocrx_word' id='word_1_267' title='bbox 754 3168 783 3216; x_wconf 93' lang='lat' dir='ltr'>of</span> 
     </span>
     <span class='ocr_line' id='line_1_36' title="bbox 208 3231 778 3296; baseline 0 -16"><span class='ocrx_word' id='word_1_268' title='bbox 208 3247 273 3295; x_wconf 89' lang='lat' dir='ltr'>open</span> <span class='ocrx_word' id='word_1_269' title='bbox 284 3231 374 3291; x_wconf 88' lang='lat' dir='ltr'>words,</span> <span class='ocrx_word' id='word_1_270' title='bbox 387 3234 403 3258; x_wconf 83' lang='lat'>‘⁴</span> <span class='ocrx_word' id='word_1_271' title='bbox 413 3239 439 3280; x_wconf 92' lang='lat' dir='ltr'>ut</span> <span class='ocrx_word' id='word_1_272' title='bbox 455 3246 516 3279; x_wconf 90' lang='lat' dir='ltr'>neve</span> <span class='ocrx_word' id='word_1_273' title='bbox 532 3247 602 3296; x_wconf 89' lang='lat' dir='ltr'>asper</span> <span class='ocrx_word' id='word_1_274' title='bbox 618 3247 703 3280; x_wconf 90' lang='lat' dir='ltr'>eorum</span> <span class='ocrx_word' id='word_1_275' title='bbox 720 3248 778 3282; x_wconf 92' lang='lat' dir='ltr'>con-</span> 
     </span>
     <span class='ocr_line' id='line_1_37' title="bbox 208 3294 779 3361; baseline 0 -17"><span class='ocrx_word' id='word_1_276' title='bbox 208 3311 292 3344; x_wconf 88' lang='lat' dir='ltr'>cursus</span> <span class='ocrx_word' id='word_1_277' title='bbox 302 3310 363 3343; x_wconf 91' lang='lat' dir='ltr'>neve</span> <span class='ocrx_word' id='word_1_278' title='bbox 374 3296 471 3344; x_wconf 90' lang='lat' dir='ltr'>hiulcus</span> <span class='ocrx_word' id='word_1_279' title='bbox 479 3298 511 3345; x_wconf 92' lang='lat' dir='ltr'>sit</span> <span class='ocrx_word' id='word_1_280' title='bbox 519 3294 534 3317; x_wconf 92' lang='lat'>&#39;’</span> <span class='ocrx_word' id='word_1_281' title='bbox 548 3297 590 3361; x_wconf 85' lang='lat' dir='ltr'>(de</span> <span class='ocrx_word' id='word_1_282' title='bbox 601 3297 644 3347; x_wconf 91' lang='lat' dir='ltr'>Or.</span> <span class='ocrx_word' id='word_1_283' title='bbox 657 3299 693 3346; x_wconf 90' lang='lat' dir='ltr'>iii.</span> <span class='ocrx_word' id='word_1_284' title='bbox 706 3295 779 3358; x_wconf 83' lang='lat'>171).’</span> 
     </span>
    </p>

    <p class='ocr_par' dir='ltr' id='par_1_6' title="bbox 205 3362 780 4194">
     <span class='ocr_line' id='line_1_38' title="bbox 244 3362 779 3427; baseline 0.006 -19"><span class='ocrx_word' id='word_1_285' title='bbox 244 3371 282 3423; x_wconf 76' lang='lat'>17.</span> <span class='ocrx_word' id='word_1_286' title='bbox 300 3364 440 3411; x_wconf 80' lang='lat' dir='ltr'>inconditi</span> <span class='ocrx_word' id='word_1_287' title='bbox 449 3376 555 3410; x_wconf 83' lang='lat' dir='ltr'>sensus.</span> <span class='ocrx_word' id='word_1_288' title='bbox 572 3362 636 3411; x_wconf 90' lang='lat' dir='ltr'>This</span> <span class='ocrx_word' id='word_1_289' title='bbox 646 3363 669 3411; x_wconf 90' lang='lat' dir='ltr'>is</span> <span class='ocrx_word' id='word_1_290' title='bbox 679 3363 722 3411; x_wconf 88' lang='lat' dir='ltr'>the</span> <span class='ocrx_word' id='word_1_291' title='bbox 733 3378 779 3427; x_wconf 92' lang='lat' dir='ltr'>op-</span> 
     </span>
     <span class='ocr_line' id='line_1_39' title="bbox 208 3423 780 3492; baseline 0.002 -17"><span class='ocrx_word' id='word_1_292' title='bbox 208 3428 289 3492; x_wconf 89' lang='lat' dir='ltr'>posite</span> <span class='ocrx_word' id='word_1_293' title='bbox 301 3426 377 3474; x_wconf 78' lang='lat'>0120.</span> <span class='ocrx_word' id='word_1_294' title='bbox 392 3423 422 3473; x_wconf 88' lang='lat'>16</span> <span class='ocrx_word' id='word_1_295' title='bbox 434 3427 485 3474; x_wconf 90' lang='lat' dir='ltr'>sive</span> <span class='ocrx_word' id='word_1_296' title='bbox 496 3441 580 3475; x_wconf 88' lang='lat' dir='ltr'>sensus</span> <span class='ocrx_word' id='word_1_297' title='bbox 592 3427 682 3492; x_wconf 89' lang='lat' dir='ltr'>aliquis</span> <span class='ocrx_word' id='word_1_298' title='bbox 692 3435 780 3492; x_wconf 84' lang='lat' dir='ltr'>arguta</span> 
     </span>
     <span class='ocr_line' id='line_1_40' title="bbox 208 3491 779 3557; baseline 0.002 -16"><span class='ocrx_word' id='word_1_299' title='bbox 208 3498 234 3541; x_wconf 90' lang='lat' dir='ltr'>et</span> <span class='ocrx_word' id='word_1_300' title='bbox 245 3491 311 3540; x_wconf 88' lang='lat' dir='ltr'>brevi</span> <span class='ocrx_word' id='word_1_301' title='bbox 329 3491 449 3540; x_wconf 89' lang='lat' dir='ltr'>sententia</span> <span class='ocrx_word' id='word_1_302' title='bbox 466 3491 570 3542; x_wconf 84' lang='lat' dir='ltr'>effulsit:</span> <span class='ocrx_word' id='word_1_303' title='bbox 594 3499 624 3541; x_wconf 92' lang='lat' dir='ltr'>tr.</span> <span class='ocrx_word' id='word_1_304' title='bbox 637 3493 779 3557; x_wconf 89' lang='lat' dir='ltr'>‘shapeless</span> 
     </span>
     <span class='ocr_line' id='line_1_41' title="bbox 208 3556 780 3622; baseline 0.002 -16"><span class='ocrx_word' id='word_1_305' title='bbox 208 3557 441 3622; x_wconf 85' lang='lat' dir='ltr'>periods,&#39;-sensus</span> <span class='ocrx_word' id='word_1_306' title='bbox 458 3556 531 3620; x_wconf 86' lang='lat' dir='ltr'>being</span> <span class='ocrx_word' id='word_1_307' title='bbox 547 3556 604 3606; x_wconf 91' lang='lat' dir='ltr'>here</span> <span class='ocrx_word' id='word_1_308' title='bbox 621 3559 681 3606; x_wconf 91' lang='lat' dir='ltr'>used</span> <span class='ocrx_word' id='word_1_309' title='bbox 696 3558 725 3607; x_wconf 94' lang='lat' dir='ltr'>of</span> <span class='ocrx_word' id='word_1_310' title='bbox 738 3559 780 3608; x_wconf 91' lang='lat' dir='ltr'>the</span> 
     </span>
     <span class='ocr_line' id='line_1_42' title="bbox 207 3621 780 3687; baseline 0.002 -16"><span class='ocrx_word' id='word_1_311' title='bbox 207 3621 316 3671; x_wconf 84' lang='lat' dir='ltr'>external</span> <span class='ocrx_word' id='word_1_312' title='bbox 338 3623 402 3670; x_wconf 92' lang='lat' dir='ltr'>form</span> <span class='ocrx_word' id='word_1_313' title='bbox 421 3622 447 3670; x_wconf 92' lang='lat' dir='ltr'>in</span> <span class='ocrx_word' id='word_1_314' title='bbox 466 3622 547 3670; x_wconf 89' lang='lat' dir='ltr'>which</span> <span class='ocrx_word' id='word_1_315' title='bbox 569 3623 612 3673; x_wconf 92' lang='lat' dir='ltr'>the</span> <span class='ocrx_word' id='word_1_316' title='bbox 634 3623 741 3687; x_wconf 86' lang='lat' dir='ltr'>thought</span> <span class='ocrx_word' id='word_1_317' title='bbox 759 3624 780 3672; x_wconf 92' lang='lat' dir='ltr'>is</span> 
     </span>
     <span class='ocr_line' id='line_1_43' title="bbox 208 3686 780 3753; baseline 0 -16"><span class='ocrx_word' id='word_1_318' title='bbox 208 3686 340 3750; x_wconf 87' lang='lat' dir='ltr'>conveyed.</span> <span class='ocrx_word' id='word_1_319' title='bbox 374 3688 420 3750; x_wconf 91' lang='lat' dir='ltr'>Cp.</span> <span class='ocrx_word' id='word_1_320' title='bbox 441 3687 493 3736; x_wconf 88' lang='lat' dir='ltr'>Cic.</span> <span class='ocrx_word' id='word_1_321' title='bbox 511 3687 554 3737; x_wconf 86' lang='lat' dir='ltr'>Or.</span> <span class='ocrx_word' id='word_1_322' title='bbox 574 3691 780 3753; x_wconf 85' lang='lat' dir='ltr'>515oquamvis</span> 
     </span>
     <span class='ocr_line' id='line_1_44' title="bbox 207 3754 780 3816; baseline 0 -14"><span class='ocrx_word' id='word_1_323' title='bbox 207 3754 273 3802; x_wconf 91' lang='lat' dir='ltr'>enim</span> <span class='ocrx_word' id='word_1_324' title='bbox 290 3768 376 3801; x_wconf 89' lang='lat' dir='ltr'>suaves</span> <span class='ocrx_word' id='word_1_325' title='bbox 390 3767 525 3816; x_wconf 89' lang='lat' dir='ltr'>gravesque</span> <span class='ocrx_word' id='word_1_326' title='bbox 541 3754 684 3814; x_wconf 88' lang='lat' dir='ltr'>sententiae,</span> <span class='ocrx_word' id='word_1_327' title='bbox 698 3760 780 3802; x_wconf 89' lang='lat' dir='ltr'>tamen</span> 
     </span>
     <span class='ocr_line' id='line_1_45' title="bbox 207 3817 780 3879; baseline 0.003 -12"><span class='ocrx_word' id='word_1_328' title='bbox 207 3820 228 3867; x_wconf 91' lang='lat' dir='ltr'>si</span> <span class='ocrx_word' id='word_1_329' title='bbox 247 3818 380 3866; x_wconf 91' lang='lat' dir='ltr'>inconditis</span> <span class='ocrx_word' id='word_1_330' title='bbox 399 3819 479 3867; x_wconf 89' lang='lat' dir='ltr'>verbis</span> <span class='ocrx_word' id='word_1_331' title='bbox 496 3817 635 3879; x_wconf 88' lang='lat' dir='ltr'>efferuntur,</span> <span class='ocrx_word' id='word_1_332' title='bbox 652 3818 780 3869; x_wconf 87' lang='lat' dir='ltr'>offendunt</span> 
     </span>
     <span class='ocr_line' id='line_1_46' title="bbox 208 3882 780 3948; baseline -0.002 -15"><span class='ocrx_word' id='word_1_333' title='bbox 208 3898 292 3933; x_wconf 87' lang='lat' dir='ltr'>aures:</span> <span class='ocrx_word' id='word_1_334' title='bbox 310 3882 341 3932; x_wconf 91' lang='lat' dir='ltr'>de</span> <span class='ocrx_word' id='word_1_335' title='bbox 353 3883 397 3932; x_wconf 89' lang='lat' dir='ltr'>Or.</span> <span class='ocrx_word' id='word_1_336' title='bbox 406 3883 440 3931; x_wconf 91' lang='lat' dir='ltr'>iii.</span> <span class='ocrx_word' id='word_1_337' title='bbox 454 3888 524 3946; x_wconf 81' lang='lat'>5173</span> <span class='ocrx_word' id='word_1_338' title='bbox 536 3884 649 3948; x_wconf 88' lang='lat' dir='ltr'>princeps</span> <span class='ocrx_word' id='word_1_339' title='bbox 660 3885 780 3934; x_wconf 88' lang='lat' dir='ltr'>Isocrates</span> 
     </span>
     <span class='ocr_line' id='line_1_47' title="bbox 206 3948 780 4014; baseline 0.002 -17"><span class='ocrx_word' id='word_1_340' title='bbox 206 3949 341 3998; x_wconf 86' lang='lat' dir='ltr'>instituisse</span> <span class='ocrx_word' id='word_1_341' title='bbox 351 3950 426 3999; x_wconf 92' lang='lat' dir='ltr'>fertur</span> <span class='ocrx_word' id='word_1_342' title='bbox 432 3955 458 3998; x_wconf 92' lang='lat' dir='ltr'>ut</span> <span class='ocrx_word' id='word_1_343' title='bbox 464 3948 616 3998; x_wconf 83' lang='lat' dir='ltr'>inconditam</span> <span class='ocrx_word' id='word_1_344' title='bbox 623 3950 780 4014; x_wconf 90' lang='lat' dir='ltr'>antiquorum</span> 
     </span>
     <span class='ocr_line' id='line_1_48' title="bbox 207 4014 780 4064; baseline 0.003 -2"><span class='ocrx_word' id='word_1_345' title='bbox 207 4014 305 4064; x_wconf 89' lang='lat' dir='ltr'>dicendi</span> <span class='ocrx_word' id='word_1_346' title='bbox 316 4014 516 4063; x_wconf 89' lang='lat' dir='ltr'>consuetudinem</span> <span class='ocrx_word' id='word_1_347' title='bbox 528 4050 548 4063; x_wconf 88' lang='lat'>..</span> <span class='ocrx_word' id='word_1_348' title='bbox 558 4051 564 4064; x_wconf 91' lang='lat'>.</span> <span class='ocrx_word' id='word_1_349' title='bbox 576 4015 683 4064; x_wconf 87' lang='lat' dir='ltr'>numeris</span> <span class='ocrx_word' id='word_1_350' title='bbox 693 4016 780 4064; x_wconf 84' lang='lat' dir='ltr'>astrin-</span> 
     </span>
     <span class='ocr_line' id='line_1_49' title="bbox 207 4079 779 4144; baseline -0.002 -15"><span class='ocrx_word' id='word_1_351' title='bbox 207 4087 285 4143; x_wconf 84' lang='lat' dir='ltr'>geret.</span> <span class='ocrx_word' id='word_1_352' title='bbox 311 4079 345 4129; x_wconf 94' lang='lat' dir='ltr'>So</span> <span class='ocrx_word' id='word_1_353' title='bbox 355 4081 416 4143; x_wconf 86' lang='lat' dir='ltr'>Agr.</span> <span class='ocrx_word' id='word_1_354' title='bbox 424 4080 459 4129; x_wconf 90' lang='lat' dir='ltr'>iii.</span> <span class='ocrx_word' id='word_1_355' title='bbox 470 4091 499 4144; x_wconf 82' lang='lat'>17</span> <span class='ocrx_word' id='word_1_356' title='bbox 508 4079 549 4129; x_wconf 89' lang='lat' dir='ltr'>vel</span> <span class='ocrx_word' id='word_1_357' title='bbox 558 4080 686 4130; x_wconf 87' lang='lat' dir='ltr'>incondita</span> <span class='ocrx_word' id='word_1_358' title='bbox 692 4089 717 4130; x_wconf 91' lang='lat' dir='ltr'>et</span> <span class='ocrx_word' id='word_1_359' title='bbox 724 4080 779 4129; x_wconf 90' lang='lat' dir='ltr'>rudi</span> 
     </span>
     <span class='ocr_line' id='line_1_50' title="bbox 205 4160 274 4194; baseline 0.014 -1"><span class='ocrx_word' id='word_1_360' title='bbox 205 4160 274 4194; x_wconf 85' lang='lat' dir='ltr'>voce.</span> 
     </span>
    </p>

    <p class='ocr_par' dir='ltr' id='par_1_7' title="bbox 207 4208 779 4404">
     <span class='ocr_line' id='line_1_51' title="bbox 243 4208 778 4274; baseline 0.004 -17"><span class='ocrx_word' id='word_1_361' title='bbox 243 4211 280 4258; x_wconf 93' lang='lat'>18.</span> <span class='ocrx_word' id='word_1_362' title='bbox 299 4213 429 4259; x_wconf 81' lang='lat' dir='ltr'>redolent</span> <span class='ocrx_word' id='word_1_363' title='bbox 438 4208 457 4273; x_wconf 86' lang='lat'>(‘</span> <span class='ocrx_word' id='word_1_364' title='bbox 464 4225 555 4260; x_wconf 87' lang='lat' dir='ltr'>savour</span> <span class='ocrx_word' id='word_1_365' title='bbox 566 4210 595 4260; x_wconf 93' lang='lat' dir='ltr'>of</span> <span class='ocrx_word' id='word_1_366' title='bbox 600 4209 619 4274; x_wconf 87' lang='lat'>’)</span> <span class='ocrx_word' id='word_1_367' title='bbox 629 4212 778 4268; x_wconf 85' lang='lat' dir='ltr'>antiquita·</span> 
     </span>
     <span class='ocr_line' id='line_1_52' title="bbox 207 4274 779 4334; baseline 0.002 -10"><span class='ocrx_word' id='word_1_368' title='bbox 207 4279 274 4324; x_wconf 89' lang='lat' dir='ltr'>tem.</span> <span class='ocrx_word' id='word_1_369' title='bbox 291 4274 646 4334; x_wconf 55' lang='lat' dir='ltr'>&amp;clementiniacus</span> <span class='ocrx_word' id='word_1_370' title='bbox 655 4276 779 4325; x_wconf 86' lang='lat' dir='ltr'>orationes</span> 
     </span>
     <span class='ocr_line' id='line_1_53' title="bbox 208 4340 730 4404; baseline -0.002 -15"><span class='ocrx_word' id='word_1_371' title='bbox 208 4347 265 4389; x_wconf 87' lang='lat' dir='ltr'>sunt</span> <span class='ocrx_word' id='word_1_372' title='bbox 276 4348 300 4389; x_wconf 93' lang='lat' dir='ltr'>et</span> <span class='ocrx_word' id='word_1_373' title='bbox 312 4340 450 4389; x_wconf 89' lang='lat' dir='ltr'>redolentes</span> <span class='ocrx_word' id='word_1_374' title='bbox 459 4341 540 4402; x_wconf 89' lang='lat' dir='ltr'>magis</span> <span class='ocrx_word' id='word_1_375' title='bbox 551 4340 730 4404; x_wconf 89' lang='lat' dir='ltr'>antiquitatem.</span> 
     </span>
    </p>

    <p class='ocr_par' dir='ltr' id='par_1_8' title="bbox 207 4404 778 4533">
     <span class='ocr_line' id='line_1_54' title="bbox 240 4404 777 4464; baseline 0.004 -12"><span class='ocrx_word' id='word_1_376' title='bbox 240 4407 441 4464; x_wconf 84' lang='lat' dir='ltr'>antiquarium,</span> <span class='ocrx_word' id='word_1_377' title='bbox 465 4404 539 4454; x_wconf 84' lang='lat' dir='ltr'>‘fond</span> <span class='ocrx_word' id='word_1_378' title='bbox 562 4406 591 4454; x_wconf 93' lang='lat' dir='ltr'>of</span> <span class='ocrx_word' id='word_1_379' title='bbox 616 4406 713 4455; x_wconf 82' lang='lat' dir='ltr'>ancient</span> <span class='ocrx_word' id='word_1_380' title='bbox 735 4422 777 4454; x_wconf 88' lang='lat' dir='ltr'>an·</span> 
     </span>
     <span class='ocr_line' id='line_1_55' title="bbox 207 4468 778 4533; baseline 0 -13"><span class='ocrx_word' id='word_1_381' title='bbox 207 4468 292 4520; x_wconf 82' lang='lat' dir='ltr'>thora’</span> <span class='ocrx_word' id='word_1_382' title='bbox 326 4470 389 4520; x_wconf 88' lang='lat' dir='ltr'>This</span> <span class='ocrx_word' id='word_1_383' title='bbox 404 4470 482 4533; x_wconf 86' lang='lat' dir='ltr'>word,</span> <span class='ocrx_word' id='word_1_384' title='bbox 499 4469 582 4520; x_wconf 89' lang='lat' dir='ltr'>which</span> <span class='ocrx_word' id='word_1_385' title='bbox 600 4469 622 4520; x_wconf 91' lang='lat' dir='ltr'>is</span> <span class='ocrx_word' id='word_1_386' title='bbox 638 4477 682 4520; x_wconf 91' lang='lat' dir='ltr'>not</span> <span class='ocrx_word' id='word_1_387' title='bbox 701 4471 778 4520; x_wconf 85' lang='lat' dir='ltr'>found</span> 
     </span>
    </p>
   </div>
   <div class='ocr_carea' id='block_1_5' title="bbox 826 1597 1408 4557">
    <p class='ocr_par' dir='ltr' id='par_1_9' title="bbox 828 1597 1407 1909">
     <span class='ocr_line' id='line_1_56' title="bbox 831 1597 1406 1661; baseline 0.005 -16"><span class='ocrx_word' id='word_1_388' title='bbox 831 1597 857 1645; x_wconf 94' lang='lat' dir='ltr'>in</span> <span class='ocrx_word' id='word_1_389' title='bbox 874 1614 922 1661; x_wconf 89' lang='lat' dir='ltr'>any</span> <span class='ocrx_word' id='word_1_390' title='bbox 936 1597 1024 1647; x_wconf 85' lang='lat' dir='ltr'>earlier</span> <span class='ocrx_word' id='word_1_391' title='bbox 1038 1598 1126 1659; x_wconf 88' lang='lat' dir='ltr'>writer,</span> <span class='ocrx_word' id='word_1_392' title='bbox 1138 1613 1219 1648; x_wconf 84' lang='lat' dir='ltr'>reeurs</span> <span class='ocrx_word' id='word_1_393' title='bbox 1231 1598 1256 1646; x_wconf 93' lang='lat' dir='ltr'>in</span> <span class='ocrx_word' id='word_1_394' title='bbox 1274 1598 1342 1652; x_wconf 71' lang='lat'>316</span> <span class='ocrx_word' id='word_1_395' title='bbox 1356 1599 1406 1648; x_wconf 90' lang='lat' dir='ltr'>aud</span> 
     </span>
     <span class='ocr_line' id='line_1_57' title="bbox 831 1663 1405 1727; baseline 0 -15"><span class='ocrx_word' id='word_1_396' title='bbox 831 1665 871 1712; x_wconf 75' lang='lat'>42.</span> <span class='ocrx_word' id='word_1_397' title='bbox 883 1673 896 1726; x_wconf 85' lang='lat'>7</span> <span class='ocrx_word' id='word_1_398' title='bbox 909 1681 915 1712; x_wconf 77' lang='grc' dir='ltr'><strong>ε</strong></span> <span class='ocrx_word' id='word_1_399' title='bbox 933 1664 982 1712; x_wconf 85' lang='lat' dir='ltr'>aud</span> <span class='ocrx_word' id='word_1_400' title='bbox 994 1679 1033 1727; x_wconf 91' lang='lat' dir='ltr'>cp.</span> <span class='ocrx_word' id='word_1_401' title='bbox 1042 1663 1107 1713; x_wconf 88' lang='lat' dir='ltr'>Suet.</span> <span class='ocrx_word' id='word_1_402' title='bbox 1118 1665 1184 1726; x_wconf 80' lang='lat' dir='ltr'>Aug.</span> <span class='ocrx_word' id='word_1_403' title='bbox 1194 1664 1233 1722; x_wconf 90' lang='lat'>81,</span> <span class='ocrx_word' id='word_1_404' title='bbox 1243 1665 1294 1712; x_wconf 90' lang='lat' dir='ltr'>and</span> <span class='ocrx_word' id='word_1_405' title='bbox 1305 1665 1360 1714; x_wconf 87' lang='lat' dir='ltr'>Iuv.</span> <span class='ocrx_word' id='word_1_406' title='bbox 1372 1665 1405 1714; x_wconf 92' lang='lat' dir='ltr'>vi.</span> 
     </span>
     <span class='ocr_line' id='line_1_58' title="bbox 830 1727 1406 1792; baseline 0.007 -16"><span class='ocrx_word' id='word_1_407' title='bbox 830 1743 888 1791; x_wconf 87' lang='lat'>451,</span> <span class='ocrx_word' id='word_1_408' title='bbox 900 1728 981 1777; x_wconf 89' lang='lat' dir='ltr'>where</span> <span class='ocrx_word' id='word_1_409' title='bbox 992 1730 999 1755; x_wconf 81' lang='lat'><strong>⁴</strong></span> <span class='ocrx_word' id='word_1_410' title='bbox 1011 1736 1077 1777; x_wconf 92' lang='lat' dir='ltr'>tenet</span> <span class='ocrx_word' id='word_1_411' title='bbox 1083 1729 1221 1792; x_wconf 89' lang='lat' dir='ltr'>antiquaria</span> <span class='ocrx_word' id='word_1_412' title='bbox 1229 1727 1325 1778; x_wconf 85' lang='lat' dir='ltr'>versus&#39;</span> <span class='ocrx_word' id='word_1_413' title='bbox 1334 1731 1357 1779; x_wconf 90' lang='lat' dir='ltr'>is</span> <span class='ocrx_word' id='word_1_414' title='bbox 1365 1746 1406 1780; x_wconf 85' lang='lat' dir='ltr'>ex·</span> 
     </span>
     <span class='ocr_line' id='line_1_59' title="bbox 829 1793 1407 1860; baseline 0.005 -18"><span class='ocrx_word' id='word_1_415' title='bbox 829 1793 930 1859; x_wconf 87' lang='lat' dir='ltr'>plained</span> <span class='ocrx_word' id='word_1_416' title='bbox 940 1794 1019 1857; x_wconf 91' lang='lat' dir='ltr'>bythe</span> <span class='ocrx_word' id='word_1_417' title='bbox 1027 1793 1151 1844; x_wconf 86' lang='lat' dir='ltr'>Scholiast</span> <span class='ocrx_word' id='word_1_418' title='bbox 1159 1810 1214 1844; x_wconf 87' lang='lat' dir='ltr'>as=</span> <span class='ocrx_word' id='word_1_419' title='bbox 1220 1802 1247 1843; x_wconf 93' lang='lat' dir='ltr'>ut</span> <span class='ocrx_word' id='word_1_420' title='bbox 1254 1796 1407 1860; x_wconf 87' lang='lat' dir='ltr'>antiquarius</span> 
     </span>
     <span class='ocr_line' id='line_1_60' title="bbox 828 1858 991 1909; baseline -0.006 0"><span class='ocrx_word' id='word_1_421' title='bbox 828 1875 912 1909; x_wconf 88' lang='lat' dir='ltr'>versus</span> <span class='ocrx_word' id='word_1_422' title='bbox 922 1858 991 1908; x_wconf 87' lang='lat' dir='ltr'>dicit.</span> 
     </span>
    </p>

    <p class='ocr_par' dir='ltr' id='par_1_10' title="bbox 865 1923 1405 1991">
     <span class='ocr_line' id='line_1_61' title="bbox 865 1923 1405 1991; baseline 0.007 -19"><span class='ocrx_word' id='word_1_423' title='bbox 865 1939 902 1988; x_wconf 90' lang='lat'>19.</span> <span class='ocrx_word' id='word_1_424' title='bbox 920 1940 955 1972; x_wconf 88' lang='lat' dir='ltr'>ex</span> <span class='ocrx_word' id='word_1_425' title='bbox 967 1939 1000 1972; x_wconf 82' lang='lat' dir='ltr'>eo</span> <span class='ocrx_word' id='word_1_426' title='bbox 1010 1931 1103 1980; x_wconf 83' lang='lat' dir='ltr'>parte:</span> <span class='ocrx_word' id='word_1_427' title='bbox 1121 1940 1160 1988; x_wconf 91' lang='lat' dir='ltr'>cp.</span> <span class='ocrx_word' id='word_1_428' title='bbox 1170 1923 1240 1974; x_wconf 88' lang='lat' dir='ltr'>nulla</span> <span class='ocrx_word' id='word_1_429' title='bbox 1247 1934 1323 1990; x_wconf 87' lang='lat' dir='ltr'>parte,</span> <span class='ocrx_word' id='word_1_430' title='bbox 1332 1927 1371 1976; x_wconf 89' lang='lat'>18.</span> <span class='ocrx_word' id='word_1_431' title='bbox 1382 1941 1405 1991; x_wconf 85' lang='lat'>5.</span> 
     </span>
    </p>

    <p class='ocr_par' dir='ltr' id='par_1_11' title="bbox 829 1991 1407 2824">
     <span class='ocr_line' id='line_1_62' title="bbox 865 1991 1403 2054; baseline 0 -15"><span class='ocrx_word' id='word_1_432' title='bbox 865 2004 903 2039; x_wconf 87' lang='lat'>20.</span> <span class='ocrx_word' id='word_1_433' title='bbox 922 1994 950 2039; x_wconf 81' lang='lat' dir='ltr'>c.</span> <span class='ocrx_word' id='word_1_434' title='bbox 969 1993 1088 2039; x_wconf 73' lang='lat' dir='ltr'>caecari.</span> <span class='ocrx_word' id='word_1_435' title='bbox 1133 1991 1181 2053; x_wconf 89' lang='lat' dir='ltr'>Cp.</span> <span class='ocrx_word' id='word_1_436' title='bbox 1193 1991 1259 2039; x_wconf 87' lang='lat' dir='ltr'>Ann.</span> <span class='ocrx_word' id='word_1_437' title='bbox 1271 1992 1323 2041; x_wconf 83' lang='lat' dir='ltr'>xiii.</span> <span class='ocrx_word' id='word_1_438' title='bbox 1336 2006 1360 2054; x_wconf 86' lang='lat'>3,</span> <span class='ocrx_word' id='word_1_439' title='bbox 1375 2005 1403 2040; x_wconf 93' lang='lat'>11</span> 
     </span>
     <span class='ocr_line' id='line_1_63' title="bbox 830 2055 1405 2107; baseline 0.002 -3"><span class='ocrx_word' id='word_1_440' title='bbox 830 2055 938 2105; x_wconf 88' lang='lat' dir='ltr'>dictator</span> <span class='ocrx_word' id='word_1_441' title='bbox 948 2055 1041 2104; x_wconf 89' lang='lat' dir='ltr'>Caesar</span> <span class='ocrx_word' id='word_1_442' title='bbox 1056 2056 1159 2104; x_wconf 90' lang='lat' dir='ltr'>summis</span> <span class='ocrx_word' id='word_1_443' title='bbox 1171 2057 1309 2106; x_wconf 86' lang='lat' dir='ltr'>oratoribus</span> <span class='ocrx_word' id='word_1_444' title='bbox 1320 2073 1405 2107; x_wconf 90' lang='lat' dir='ltr'>aernu-</span> 
     </span>
     <span class='ocr_line' id='line_1_64' title="bbox 829 2120 1406 2184; baseline 0.003 -16"><span class='ocrx_word' id='word_1_445' title='bbox 829 2121 883 2170; x_wconf 78' lang='lat' dir='ltr'>lus·</span> <span class='ocrx_word' id='word_1_446' title='bbox 911 2122 946 2170; x_wconf 83' lang='lat' dir='ltr'>So</span> <span class='ocrx_word' id='word_1_447' title='bbox 964 2120 1048 2184; x_wconf 87' lang='lat' dir='ltr'>Quint.</span> <span class='ocrx_word' id='word_1_448' title='bbox 1061 2138 1084 2170; x_wconf 65' lang='lat' dir='ltr'>x.</span> <span class='ocrx_word' id='word_1_449' title='bbox 1099 2134 1121 2181; x_wconf 94' lang='lat'>1,</span> <span class='ocrx_word' id='word_1_450' title='bbox 1136 2134 1182 2184; x_wconf 89' lang='lat'>114</span> <span class='ocrx_word' id='word_1_451' title='bbox 1199 2120 1228 2170; x_wconf 92' lang='lat' dir='ltr'>C.</span> <span class='ocrx_word' id='word_1_452' title='bbox 1240 2137 1298 2171; x_wconf 91' lang='lat' dir='ltr'>vero</span> <span class='ocrx_word' id='word_1_453' title='bbox 1313 2123 1406 2172; x_wconf 90' lang='lat' dir='ltr'>Caesar</span> 
     </span>
     <span class='ocr_line' id='line_1_65' title="bbox 830 2186 1407 2247; baseline 0.005 -13"><span class='ocrx_word' id='word_1_454' title='bbox 830 2187 851 2235; x_wconf 89' lang='lat' dir='ltr'>si</span> <span class='ocrx_word' id='word_1_455' title='bbox 873 2186 927 2234; x_wconf 93' lang='lat' dir='ltr'>foro</span> <span class='ocrx_word' id='word_1_456' title='bbox 950 2193 1047 2235; x_wconf 86' lang='lat' dir='ltr'>tautum</span> <span class='ocrx_word' id='word_1_457' title='bbox 1072 2193 1191 2247; x_wconf 88' lang='lat' dir='ltr'>vacasset,</span> <span class='ocrx_word' id='word_1_458' title='bbox 1211 2202 1261 2235; x_wconf 92' lang='lat' dir='ltr'>nou</span> <span class='ocrx_word' id='word_1_459' title='bbox 1288 2188 1352 2237; x_wconf 90' lang='lat' dir='ltr'>alius</span> <span class='ocrx_word' id='word_1_460' title='bbox 1374 2204 1407 2237; x_wconf 86' lang='lat' dir='ltr'>ex</span> 
     </span>
     <span class='ocr_line' id='line_1_66' title="bbox 830 2251 1406 2303; baseline 0.003 -4"><span class='ocrx_word' id='word_1_461' title='bbox 830 2252 921 2300; x_wconf 89' lang='lat' dir='ltr'>uostris</span> <span class='ocrx_word' id='word_1_462' title='bbox 948 2259 1033 2301; x_wconf 86' lang='lat' dir='ltr'>contra</span> <span class='ocrx_word' id='word_1_463' title='bbox 1056 2252 1201 2301; x_wconf 86' lang='lat' dir='ltr'>Ciceronem</span> <span class='ocrx_word' id='word_1_464' title='bbox 1228 2251 1406 2303; x_wconf 89' lang='lat' dir='ltr'>nominaretur.</span> 
     </span>
     <span class='ocr_line' id='line_1_67' title="bbox 832 2317 1405 2376; baseline 0.005 -12"><span class='ocrx_word' id='word_1_465' title='bbox 832 2317 913 2366; x_wconf 88' lang='lat' dir='ltr'>Tanta</span> <span class='ocrx_word' id='word_1_466' title='bbox 924 2317 950 2365; x_wconf 90' lang='lat' dir='ltr'>in</span> <span class='ocrx_word' id='word_1_467' title='bbox 962 2333 992 2365; x_wconf 94' lang='lat' dir='ltr'>eo</span> <span class='ocrx_word' id='word_1_468' title='bbox 1003 2318 1040 2366; x_wconf 89' lang='lat' dir='ltr'>vis</span> <span class='ocrx_word' id='word_1_469' title='bbox 1051 2325 1096 2374; x_wconf 91' lang='lat' dir='ltr'>est,</span> <span class='ocrx_word' id='word_1_470' title='bbox 1108 2317 1134 2366; x_wconf 93' lang='lat' dir='ltr'>id</span> <span class='ocrx_word' id='word_1_471' title='bbox 1150 2333 1262 2376; x_wconf 90' lang='lat' dir='ltr'>acumen,</span> <span class='ocrx_word' id='word_1_472' title='bbox 1274 2333 1304 2366; x_wconf 89' lang='lat' dir='ltr'>ea</span> <span class='ocrx_word' id='word_1_473' title='bbox 1321 2320 1405 2368; x_wconf 90' lang='lat' dir='ltr'>conci-</span> 
     </span>
     <span class='ocr_line' id='line_1_68' title="bbox 831 2382 1406 2447; baseline 0.003 -16"><span class='ocrx_word' id='word_1_474' title='bbox 831 2383 901 2441; x_wconf 90' lang='lat' dir='ltr'>tatio,</span> <span class='ocrx_word' id='word_1_475' title='bbox 915 2391 943 2430; x_wconf 89' lang='lat' dir='ltr'>ut</span> <span class='ocrx_word' id='word_1_476' title='bbox 959 2383 1031 2430; x_wconf 92' lang='lat' dir='ltr'>illum</span> <span class='ocrx_word' id='word_1_477' title='bbox 1049 2383 1136 2432; x_wconf 90' lang='lat' dir='ltr'>eodem</span> <span class='ocrx_word' id='word_1_478' title='bbox 1152 2383 1238 2431; x_wconf 91' lang='lat' dir='ltr'>animo</span> <span class='ocrx_word' id='word_1_479' title='bbox 1252 2382 1344 2433; x_wconf 88' lang='lat' dir='ltr'>dixisse</span> <span class='ocrx_word' id='word_1_480' title='bbox 1354 2399 1406 2447; x_wconf 90' lang='lat' dir='ltr'>quo</span> 
     </span>
     <span class='ocr_line' id='line_1_69' title="bbox 830 2447 1405 2512; baseline 0.007 -17"><span class='ocrx_word' id='word_1_481' title='bbox 830 2447 934 2497; x_wconf 90' lang='lat' dir='ltr'>bellavit</span> <span class='ocrx_word' id='word_1_482' title='bbox 953 2455 1086 2512; x_wconf 87' lang='lat' dir='ltr'>appareat;</span> <span class='ocrx_word' id='word_1_483' title='bbox 1112 2454 1215 2497; x_wconf 84' lang='lat' dir='ltr'>exornat</span> <span class='ocrx_word' id='word_1_484' title='bbox 1236 2455 1320 2497; x_wconf 90' lang='lat' dir='ltr'>tamen</span> <span class='ocrx_word' id='word_1_485' title='bbox 1341 2449 1405 2499; x_wconf 88' lang='lat' dir='ltr'>haec</span> 
     </span>
     <span class='ocr_line' id='line_1_70' title="bbox 832 2513 1405 2578; baseline 0.003 -17"><span class='ocrx_word' id='word_1_486' title='bbox 832 2514 916 2561; x_wconf 89' lang='lat' dir='ltr'>omnia</span> <span class='ocrx_word' id='word_1_487' title='bbox 948 2515 1012 2561; x_wconf 87' lang='lat' dir='ltr'>mira</span> <span class='ocrx_word' id='word_1_488' title='bbox 1044 2513 1172 2574; x_wconf 80' lang='lat' dir='ltr'>sermome,</span> <span class='ocrx_word' id='word_1_489' title='bbox 1201 2513 1270 2562; x_wconf 90' lang='lat' dir='ltr'>cuius</span> <span class='ocrx_word' id='word_1_490' title='bbox 1303 2515 1405 2578; x_wconf 91' lang='lat' dir='ltr'>proprie</span> 
     </span>
     <span class='ocr_line' id='line_1_71' title="bbox 830 2578 1403 2642; baseline 0.003 -16"><span class='ocrx_word' id='word_1_491' title='bbox 830 2578 955 2626; x_wconf 90' lang='lat' dir='ltr'>studiosus</span> <span class='ocrx_word' id='word_1_492' title='bbox 966 2578 1019 2639; x_wconf 92' lang='lat' dir='ltr'>fuit,</span> <span class='ocrx_word' id='word_1_493' title='bbox 1027 2578 1158 2642; x_wconf 85' lang='lat' dir='ltr'>elegantia.</span> <span class='ocrx_word' id='word_1_494' title='bbox 1192 2578 1246 2628; x_wconf 90' lang='lat' dir='ltr'>Cic.</span> <span class='ocrx_word' id='word_1_495' title='bbox 1256 2579 1322 2628; x_wconf 90' lang='lat' dir='ltr'>Brut.</span> <span class='ocrx_word' id='word_1_496' title='bbox 1332 2584 1345 2638; x_wconf 97' lang='lat'>5</span> <span class='ocrx_word' id='word_1_497' title='bbox 1357 2593 1403 2640; x_wconf 88' lang='lat'>252</span> 
     </span>
     <span class='ocr_line' id='line_1_72' title="bbox 830 2643 1405 2694; baseline 0.005 -3"><span class='ocrx_word' id='word_1_498' title='bbox 830 2645 867 2691; x_wconf 89' lang='lat' dir='ltr'>ita</span> <span class='ocrx_word' id='word_1_499' title='bbox 878 2643 962 2692; x_wconf 92' lang='lat' dir='ltr'>iudico</span> <span class='ocrx_word' id='word_1_500' title='bbox 972 2681 978 2692; x_wconf 92' lang='lat'>.</span> <span class='ocrx_word' id='word_1_501' title='bbox 988 2680 994 2692; x_wconf 85' lang='lat'>.</span> <span class='ocrx_word' id='word_1_502' title='bbox 1004 2680 1010 2691; x_wconf 86' lang='lat'>.</span> <span class='ocrx_word' id='word_1_503' title='bbox 1019 2644 1090 2692; x_wconf 88' lang='lat' dir='ltr'>illum</span> <span class='ocrx_word' id='word_1_504' title='bbox 1100 2644 1210 2692; x_wconf 91' lang='lat' dir='ltr'>omnium</span> <span class='ocrx_word' id='word_1_505' title='bbox 1219 2643 1268 2693; x_wconf 91' lang='lat' dir='ltr'>fere</span> <span class='ocrx_word' id='word_1_506' title='bbox 1279 2652 1405 2694; x_wconf 89' lang='lat' dir='ltr'>oratorum</span> 
     </span>
     <span class='ocr_line' id='line_1_73' title="bbox 831 2708 1405 2773; baseline 0.005 -17"><span class='ocrx_word' id='word_1_507' title='bbox 831 2708 919 2757; x_wconf 89' lang='lat' dir='ltr'>Latine</span> <span class='ocrx_word' id='word_1_508' title='bbox 937 2709 1006 2773; x_wconf 91' lang='lat' dir='ltr'>loqui</span> <span class='ocrx_word' id='word_1_509' title='bbox 1024 2709 1222 2773; x_wconf 89' lang='lat' dir='ltr'>elegantissime:</span> <span class='ocrx_word' id='word_1_510' title='bbox 1251 2714 1263 2769; x_wconf 86' lang='lat'>5</span> <span class='ocrx_word' id='word_1_511' title='bbox 1286 2709 1331 2758; x_wconf 86' lang='lat'>261</span> <span class='ocrx_word' id='word_1_512' title='bbox 1353 2727 1405 2760; x_wconf 92' lang='lat' dir='ltr'>non</span> 
     </span>
     <span class='ocr_line' id='line_1_74' title="bbox 829 2774 1157 2824; baseline 0.003 -1"><span class='ocrx_word' id='word_1_513' title='bbox 829 2774 903 2823; x_wconf 91' lang='lat' dir='ltr'>video</span> <span class='ocrx_word' id='word_1_514' title='bbox 913 2775 954 2824; x_wconf 90' lang='lat' dir='ltr'>cui</span> <span class='ocrx_word' id='word_1_515' title='bbox 965 2775 1054 2823; x_wconf 89' lang='lat' dir='ltr'>debeat</span> <span class='ocrx_word' id='word_1_516' title='bbox 1065 2774 1157 2824; x_wconf 88' lang='lat' dir='ltr'>cedere.</span> 
     </span>
    </p>

    <p class='ocr_par' dir='ltr' id='par_1_12' title="bbox 829 2839 1408 3229">
     <span class='ocr_line' id='line_1_75' title="bbox 863 2839 1404 2904; baseline 0.004 -17"><span class='ocrx_word' id='word_1_517' title='bbox 863 2847 985 2897; x_wconf 81' lang='lat' dir='ltr'>propter.</span> <span class='ocrx_word' id='word_1_518' title='bbox 1015 2841 1038 2889; x_wconf 93' lang='lat' dir='ltr'>It</span> <span class='ocrx_word' id='word_1_519' title='bbox 1049 2840 1071 2888; x_wconf 91' lang='lat' dir='ltr'>is</span> <span class='ocrx_word' id='word_1_520' title='bbox 1081 2840 1245 2904; x_wconf 86' lang='lat' dir='ltr'>uoteworthy,</span> <span class='ocrx_word' id='word_1_521' title='bbox 1253 2855 1281 2889; x_wconf 87' lang='lat' dir='ltr'>as</span> <span class='ocrx_word' id='word_1_522' title='bbox 1292 2839 1404 2889; x_wconf 80' lang='lat' dir='ltr'>differen-</span> 
     </span>
     <span class='ocr_line' id='line_1_76' title="bbox 829 2904 1408 2969; baseline 0.007 -18"><span class='ocrx_word' id='word_1_523' title='bbox 829 2904 919 2968; x_wconf 89' lang='lat' dir='ltr'>tiating</span> <span class='ocrx_word' id='word_1_524' title='bbox 931 2905 973 2953; x_wconf 92' lang='lat' dir='ltr'>the</span> <span class='ocrx_word' id='word_1_525' title='bbox 990 2921 1065 2969; x_wconf 85' lang='lat' dir='ltr'>usage</span> <span class='ocrx_word' id='word_1_526' title='bbox 1077 2904 1105 2953; x_wconf 94' lang='lat' dir='ltr'>of</span> <span class='ocrx_word' id='word_1_527' title='bbox 1117 2905 1219 2955; x_wconf 89' lang='lat' dir='ltr'>Tacitus</span> <span class='ocrx_word' id='word_1_528' title='bbox 1234 2905 1298 2955; x_wconf 91' lang='lat' dir='ltr'>from</span> <span class='ocrx_word' id='word_1_529' title='bbox 1312 2906 1367 2954; x_wconf 90' lang='lat' dir='ltr'>that</span> <span class='ocrx_word' id='word_1_530' title='bbox 1378 2907 1408 2955; x_wconf 92' lang='lat' dir='ltr'>of</span> 
     </span>
     <span class='ocr_line' id='line_1_77' title="bbox 831 2969 1405 3035; baseline 0.003 -18"><span class='ocrx_word' id='word_1_531' title='bbox 831 2969 979 3032; x_wconf 86' lang='lat' dir='ltr'>Quintilian,</span> <span class='ocrx_word' id='word_1_532' title='bbox 986 2971 1041 3019; x_wconf 89' lang='lat' dir='ltr'>that</span> <span class='ocrx_word' id='word_1_533' title='bbox 1047 2969 1121 3019; x_wconf 92' lang='lat' dir='ltr'>while</span> <span class='ocrx_word' id='word_1_534' title='bbox 1131 2971 1174 3020; x_wconf 92' lang='lat' dir='ltr'>the</span> <span class='ocrx_word' id='word_1_535' title='bbox 1182 2971 1255 3020; x_wconf 89' lang='lat' dir='ltr'>latter</span> <span class='ocrx_word' id='word_1_536' title='bbox 1263 2971 1405 3035; x_wconf 87' lang='lat' dir='ltr'>coustantly</span> 
     </span>
     <span class='ocr_line' id='line_1_78' title="bbox 830 3036 1404 3100; baseline 0.005 -17"><span class='ocrx_word' id='word_1_537' title='bbox 830 3050 885 3083; x_wconf 91' lang='lat' dir='ltr'>uses</span> <span class='ocrx_word' id='word_1_538' title='bbox 901 3042 1006 3100; x_wconf 80' lang='lat' dir='ltr'>propter</span> <span class='ocrx_word' id='word_1_539' title='bbox 1021 3036 1046 3084; x_wconf 93' lang='lat' dir='ltr'>in</span> <span class='ocrx_word' id='word_1_540' title='bbox 1064 3052 1079 3085; x_wconf 89' lang='lat' dir='ltr'>a</span> <span class='ocrx_word' id='word_1_541' title='bbox 1098 3037 1182 3085; x_wconf 88' lang='lat' dir='ltr'>causal</span> <span class='ocrx_word' id='word_1_542' title='bbox 1204 3051 1282 3096; x_wconf 89' lang='lat' dir='ltr'>sense,</span> <span class='ocrx_word' id='word_1_543' title='bbox 1299 3036 1404 3086; x_wconf 87' lang='lat' dir='ltr'>Tacitus</span> 
     </span>
     <span class='ocr_line' id='line_1_79' title="bbox 830 3101 1403 3166; baseline 0.003 -18"><span class='ocrx_word' id='word_1_544' title='bbox 830 3101 923 3163; x_wconf 91' lang='lat' dir='ltr'>always</span> <span class='ocrx_word' id='word_1_545' title='bbox 945 3101 1036 3163; x_wconf 89' lang='lat' dir='ltr'>prefers</span> <span class='ocrx_word' id='word_1_546' title='bbox 1057 3101 1092 3163; x_wconf 83' lang='lat' dir='ltr'>ob,</span> <span class='ocrx_word' id='word_1_547' title='bbox 1114 3109 1202 3166; x_wconf 85' lang='lat' dir='ltr'>except</span> <span class='ocrx_word' id='word_1_548' title='bbox 1224 3103 1281 3151; x_wconf 91' lang='lat' dir='ltr'>here</span> <span class='ocrx_word' id='word_1_549' title='bbox 1304 3102 1354 3150; x_wconf 90' lang='lat' dir='ltr'>and</span> <span class='ocrx_word' id='word_1_550' title='bbox 1376 3102 1403 3150; x_wconf 93' lang='lat' dir='ltr'>in</span> 
     </span>
     <span class='ocr_line' id='line_1_80' title="bbox 830 3164 1011 3229; baseline 0.011 -15"><span class='ocrx_word' id='word_1_551' title='bbox 830 3166 897 3214; x_wconf 91' lang='lat' dir='ltr'>Hist.</span> <span class='ocrx_word' id='word_1_552' title='bbox 909 3167 926 3214; x_wconf 94' lang='lat' dir='ltr'>i.</span> <span class='ocrx_word' id='word_1_553' title='bbox 938 3164 978 3228; x_wconf 79' lang='lat'>65,</span> <span class='ocrx_word' id='word_1_554' title='bbox 989 3182 1011 3229; x_wconf 83' lang='lat'>3.</span> 
     </span>
    </p>

    <p class='ocr_par' dir='ltr' id='par_1_13' title="bbox 828 3232 1404 3491">
     <span class='ocr_line' id='line_1_81' title="bbox 861 3232 1404 3290; baseline 0 -10"><span class='ocrx_word' id='word_1_555' title='bbox 861 3235 1087 3288; x_wconf 71' lang='lat' dir='ltr'>magnitudinem</span> <span class='ocrx_word' id='word_1_556' title='bbox 1103 3235 1313 3290; x_wconf 72' lang='lat' dir='ltr'>cogitationum.</span> <span class='ocrx_word' id='word_1_557' title='bbox 1347 3232 1404 3281; x_wconf 91' lang='lat' dir='ltr'>The</span> 
     </span>
     <span class='ocr_line' id='line_1_82' title="bbox 828 3297 1404 3382; baseline 0.005 -38"><span class='ocrx_word' id='word_1_558' title='bbox 828 3311 897 3345; x_wconf 90' lang='lat' dir='ltr'>same</span> <span class='ocrx_word' id='word_1_559' title='bbox 924 3297 1014 3382; x_wconf 71' lang='lat' dir='ltr'>phrase</span> <span class='ocrx_word' id='word_1_560' title='bbox 1037 3299 1059 3346; x_wconf 93' lang='lat' dir='ltr'>is</span> <span class='ocrx_word' id='word_1_561' title='bbox 1085 3299 1146 3346; x_wconf 93' lang='lat' dir='ltr'>used</span> <span class='ocrx_word' id='word_1_562' title='bbox 1173 3297 1199 3345; x_wconf 90' lang='lat' dir='ltr'>iu</span> <span class='ocrx_word' id='word_1_563' title='bbox 1227 3298 1348 3347; x_wconf 83' lang='lat' dir='ltr'>reference</span> <span class='ocrx_word' id='word_1_564' title='bbox 1375 3306 1404 3347; x_wconf 89' lang='lat' dir='ltr'>to</span> 
     </span>
     <span class='ocr_line' id='line_1_83' title="bbox 829 3361 1403 3427; baseline 0.003 -17"><span class='ocrx_word' id='word_1_565' title='bbox 829 3362 943 3411; x_wconf 87' lang='lat' dir='ltr'>Caesars</span> <span class='ocrx_word' id='word_1_566' title='bbox 963 3365 1034 3412; x_wconf 85' lang='lat' dir='ltr'>‘vast</span> <span class='ocrx_word' id='word_1_567' title='bbox 1054 3361 1165 3426; x_wconf 86' lang='lat' dir='ltr'>designs&#39;</span> <span class='ocrx_word' id='word_1_568' title='bbox 1186 3364 1220 3427; x_wconf 89' lang='lat' dir='ltr'>by</span> <span class='ocrx_word' id='word_1_569' title='bbox 1236 3363 1357 3423; x_wconf 91' lang='lat' dir='ltr'>Velleius,</span> <span class='ocrx_word' id='word_1_570' title='bbox 1374 3364 1403 3412; x_wconf 85' lang='lat' dir='ltr'>ii.</span> 
     </span>
     <span class='ocr_line' id='line_1_84' title="bbox 828 3441 905 3491; baseline 0 -16"><span class='ocrx_word' id='word_1_571' title='bbox 828 3441 905 3491; x_wconf 90' lang='lat'>41,1.</span> 
     </span>
    </p>

    <p class='ocr_par' dir='ltr' id='par_1_14' title="bbox 829 3492 1404 3868">
     <span class='ocr_line' id='line_1_85' title="bbox 862 3492 1404 3557; baseline 0 -16"><span class='ocrx_word' id='word_1_572' title='bbox 862 3497 1059 3550; x_wconf 83' lang='lat' dir='ltr'>occupationes</span> <span class='ocrx_word' id='word_1_573' title='bbox 1070 3509 1179 3543; x_wconf 69' lang='lat' dir='ltr'>rer-uma</span> <span class='ocrx_word' id='word_1_574' title='bbox 1197 3493 1235 3542; x_wconf 90' lang='lat' dir='ltr'>his</span> <span class='ocrx_word' id='word_1_575' title='bbox 1245 3492 1404 3557; x_wconf 87' lang='lat' dir='ltr'>‘absorption</span> 
     </span>
     <span class='ocr_line' id='line_1_86' title="bbox 829 3556 1403 3624; baseline 0.003 -18"><span class='ocrx_word' id='word_1_576' title='bbox 829 3559 855 3606; x_wconf 92' lang='lat' dir='ltr'>in</span> <span class='ocrx_word' id='word_1_577' title='bbox 872 3556 970 3607; x_wconf 67' lang='lat' dir='ltr'>affairs!</span> <span class='ocrx_word' id='word_1_578' title='bbox 1005 3559 1054 3608; x_wconf 86' lang='lat' dir='ltr'>For</span> <span class='ocrx_word' id='word_1_579' title='bbox 1070 3559 1114 3608; x_wconf 91' lang='lat' dir='ltr'>the</span> <span class='ocrx_word' id='word_1_580' title='bbox 1129 3574 1187 3622; x_wconf 87' lang='lat' dir='ltr'>gen.</span> <span class='ocrx_word' id='word_1_581' title='bbox 1203 3575 1242 3624; x_wconf 86' lang='lat' dir='ltr'>cp.</span> <span class='ocrx_word' id='word_1_582' title='bbox 1255 3559 1325 3608; x_wconf 85' lang='lat' dir='ltr'>Caes.</span> <span class='ocrx_word' id='word_1_583' title='bbox 1338 3557 1403 3608; x_wconf 86' lang='lat' dir='ltr'>Bell.</span> 
     </span>
     <span class='ocr_line' id='line_1_87' title="bbox 830 3622 1404 3689; baseline 0 -17"><span class='ocrx_word' id='word_1_584' title='bbox 830 3622 898 3673; x_wconf 88' lang='lat' dir='ltr'>Gall.</span> <span class='ocrx_word' id='word_1_585' title='bbox 915 3623 947 3672; x_wconf 90' lang='lat' dir='ltr'>iv.</span> <span class='ocrx_word' id='word_1_586' title='bbox 965 3623 994 3672; x_wconf 90' lang='lat'>16</span> <span class='ocrx_word' id='word_1_587' title='bbox 1015 3624 1217 3689; x_wconf 88' lang='lat' dir='ltr'>occupationibus</span> <span class='ocrx_word' id='word_1_588' title='bbox 1236 3623 1404 3688; x_wconf 88' lang='lat' dir='ltr'>reipublicae</span> 
     </span>
     <span class='ocr_line' id='line_1_88' title="bbox 829 3688 1401 3753; baseline -0.003 -16"><span class='ocrx_word' id='word_1_589' title='bbox 829 3689 1015 3753; x_wconf 86' lang='lat' dir='ltr'>prohiberetur:</span> <span class='ocrx_word' id='word_1_590' title='bbox 1043 3690 1078 3738; x_wconf 89' lang='lat' dir='ltr'>ib.</span> <span class='ocrx_word' id='word_1_591' title='bbox 1104 3704 1149 3739; x_wconf 90' lang='lat'>22:</span> <span class='ocrx_word' id='word_1_592' title='bbox 1178 3689 1232 3739; x_wconf 85' lang='lat' dir='ltr'>cic.</span> <span class='ocrx_word' id='word_1_593' title='bbox 1256 3688 1287 3738; x_wconf 93' lang='lat' dir='ltr'>de</span> <span class='ocrx_word' id='word_1_594' title='bbox 1314 3689 1358 3738; x_wconf 91' lang='lat' dir='ltr'>Or.</span> <span class='ocrx_word' id='word_1_595' title='bbox 1379 3702 1401 3747; x_wconf 96' lang='lat'>1,</span> 
     </span>
     <span class='ocr_line' id='line_1_89' title="bbox 831 3754 1403 3819; baseline 0.002 -18"><span class='ocrx_word' id='word_1_596' title='bbox 831 3757 844 3812; x_wconf 88' lang='lat'>5</span> <span class='ocrx_word' id='word_1_597' title='bbox 864 3767 892 3801; x_wconf 91' lang='lat'>21</span> <span class='ocrx_word' id='word_1_598' title='bbox 911 3755 937 3803; x_wconf 89' lang='lat' dir='ltr'>in</span> <span class='ocrx_word' id='word_1_599' title='bbox 955 3754 1002 3804; x_wconf 89' lang='lat' dir='ltr'>hae</span> <span class='ocrx_word' id='word_1_600' title='bbox 1021 3761 1092 3804; x_wconf 87' lang='lat' dir='ltr'>tanta</span> <span class='ocrx_word' id='word_1_601' title='bbox 1109 3755 1270 3819; x_wconf 88' lang='lat' dir='ltr'>occupatione</span> <span class='ocrx_word' id='word_1_602' title='bbox 1288 3754 1355 3802; x_wconf 89' lang='lat' dir='ltr'>urbis</span> <span class='ocrx_word' id='word_1_603' title='bbox 1372 3769 1403 3803; x_wconf 89' lang='lat' dir='ltr'>ac</span> 
     </span>
     <span class='ocr_line' id='line_1_90' title="bbox 829 3819 901 3868; baseline 0.014 -1"><span class='ocrx_word' id='word_1_604' title='bbox 829 3819 901 3868; x_wconf 88' lang='lat' dir='ltr'>vitae.</span> 
     </span>
    </p>

    <p class='ocr_par' dir='ltr' id='par_1_15' title="bbox 828 3884 1403 4065">
     <span class='ocr_line' id='line_1_91' title="bbox 864 3884 1403 3942; baseline 0.004 -10"><span class='ocrx_word' id='word_1_605' title='bbox 864 3898 901 3933; x_wconf 85' lang='lat'>21.</span> <span class='ocrx_word' id='word_1_606' title='bbox 920 3887 1049 3933; x_wconf 88' lang='lat' dir='ltr'>divinum</span> <span class='ocrx_word' id='word_1_607' title='bbox 1076 3889 1138 3934; x_wconf 84' lang='lat' dir='ltr'>eius</span> <span class='ocrx_word' id='word_1_608' title='bbox 1164 3887 1318 3942; x_wconf 72' lang='lat' dir='ltr'>incenium.</span> <span class='ocrx_word' id='word_1_609' title='bbox 1368 3884 1403 3934; x_wconf 91' lang='lat' dir='ltr'>So</span> 
     </span>
     <span class='ocr_line' id='line_1_92' title="bbox 830 3949 1403 4013; baseline 0.005 -16"><span class='ocrx_word' id='word_1_610' title='bbox 830 3949 950 4011; x_wconf 89' lang='lat' dir='ltr'>Velleius,</span> <span class='ocrx_word' id='word_1_611' title='bbox 961 3951 978 3998; x_wconf 93' lang='lat' dir='ltr'>l.</span> <span class='ocrx_word' id='word_1_612' title='bbox 991 3966 1022 4010; x_wconf 79' lang='lat' dir='ltr'>c,</span> <span class='ocrx_word' id='word_1_613' title='bbox 1035 3955 1042 3978; x_wconf 91' lang='lat'>‘</span> <span class='ocrx_word' id='word_1_614' title='bbox 1049 3951 1133 3999; x_wconf 88' lang='lat' dir='ltr'>auimo</span> <span class='ocrx_word' id='word_1_615' title='bbox 1144 3966 1216 4013; x_wconf 89' lang='lat' dir='ltr'>super</span> <span class='ocrx_word' id='word_1_616' title='bbox 1226 3949 1362 4000; x_wconf 87' lang='lat' dir='ltr'>humanam</span> <span class='ocrx_word' id='word_1_617' title='bbox 1377 3959 1403 4000; x_wconf 90' lang='lat' dir='ltr'>et</span> 
     </span>
     <span class='ocr_line' id='line_1_93' title="bbox 828 4014 1187 4065; baseline 0.003 -2"><span class='ocrx_word' id='word_1_618' title='bbox 828 4021 941 4063; x_wconf 91' lang='lat' dir='ltr'>naturam</span> <span class='ocrx_word' id='word_1_619' title='bbox 953 4023 978 4064; x_wconf 94' lang='lat' dir='ltr'>et</span> <span class='ocrx_word' id='word_1_620' title='bbox 988 4015 1064 4063; x_wconf 87' lang='lat' dir='ltr'>fidem</span> <span class='ocrx_word' id='word_1_621' title='bbox 1074 4014 1187 4065; x_wconf 90' lang='lat' dir='ltr'>evectus.’</span> 
     </span>
    </p>

    <p class='ocr_par' dir='ltr' id='par_1_16' title="bbox 828 4079 1404 4389">
     <span class='ocr_line' id='line_1_94' title="bbox 864 4079 1401 4144; baseline 0.006 -17"><span class='ocrx_word' id='word_1_622' title='bbox 864 4094 902 4129; x_wconf 85' lang='lat'>22.</span> <span class='ocrx_word' id='word_1_623' title='bbox 927 4084 1056 4129; x_wconf 87' lang='lat' dir='ltr'>Brutum.</span> <span class='ocrx_word' id='word_1_624' title='bbox 1097 4081 1143 4130; x_wconf 87' lang='lat' dir='ltr'>See</span> <span class='ocrx_word' id='word_1_625' title='bbox 1165 4097 1197 4129; x_wconf 93' lang='lat' dir='ltr'>on</span> <span class='ocrx_word' id='word_1_626' title='bbox 1221 4082 1260 4134; x_wconf 82' lang='lat'>17.</span> <span class='ocrx_word' id='word_1_627' title='bbox 1283 4095 1308 4143; x_wconf 93' lang='lat'>4.</span> <span class='ocrx_word' id='word_1_628' title='bbox 1354 4079 1401 4144; x_wconf 92' lang='lat' dir='ltr'>Cp.</span> 
     </span>
     <span class='ocr_line' id='line_1_95' title="bbox 830 4145 1404 4210; baseline 0.002 -17"><span class='ocrx_word' id='word_1_629' title='bbox 830 4145 914 4208; x_wconf 87' lang='lat' dir='ltr'>Quint.</span> <span class='ocrx_word' id='word_1_630' title='bbox 927 4163 949 4193; x_wconf 73' lang='lat' dir='ltr'>a</span> <span class='ocrx_word' id='word_1_631' title='bbox 964 4159 1045 4207; x_wconf 81' lang='lat'>1,123</span> <span class='ocrx_word' id='word_1_632' title='bbox 1063 4147 1184 4210; x_wconf 85' lang='lat' dir='ltr'>Egregius</span> <span class='ocrx_word' id='word_1_633' title='bbox 1199 4162 1258 4195; x_wconf 89' lang='lat' dir='ltr'>vero</span> <span class='ocrx_word' id='word_1_634' title='bbox 1274 4145 1404 4210; x_wconf 90' lang='lat' dir='ltr'>multoque</span> 
     </span>
     <span class='ocr_line' id='line_1_96' title="bbox 828 4211 1403 4276; baseline 0.003 -18"><span class='ocrx_word' id='word_1_635' title='bbox 828 4225 903 4273; x_wconf 90' lang='lat' dir='ltr'>quam</span> <span class='ocrx_word' id='word_1_636' title='bbox 922 4211 947 4259; x_wconf 93' lang='lat' dir='ltr'>in</span> <span class='ocrx_word' id='word_1_637' title='bbox 965 4211 1116 4260; x_wconf 86' lang='lat' dir='ltr'>orationibus</span> <span class='ocrx_word' id='word_1_638' title='bbox 1133 4211 1296 4276; x_wconf 83' lang='lat' dir='ltr'>praestantior</span> <span class='ocrx_word' id='word_1_639' title='bbox 1311 4212 1403 4260; x_wconf 89' lang='lat' dir='ltr'>Brutus</span> 
     </span>
     <span class='ocr_line' id='line_1_97' title="bbox 828 4274 1402 4389; baseline 0.009 -67"><span class='ocrx_word' id='word_1_640' title='bbox 828 4274 922 4389; x_wconf 62' lang='grc' dir='ltr'>ειιίῖεοὲϊ</span> <span class='ocrx_word' id='word_1_641' title='bbox 934 4276 1038 4340; x_wconf 89' lang='lat' dir='ltr'>ponderi</span> <span class='ocrx_word' id='word_1_642' title='bbox 1049 4292 1144 4328; x_wconf 86' lang='lat' dir='ltr'>rerum:</span> <span class='ocrx_word' id='word_1_643' title='bbox 1162 4277 1226 4327; x_wconf 89' lang='lat' dir='ltr'>scias</span> <span class='ocrx_word' id='word_1_644' title='bbox 1238 4292 1295 4325; x_wconf 89' lang='lat' dir='ltr'>eum</span> <span class='ocrx_word' id='word_1_645' title='bbox 1312 4277 1402 4327; x_wconf 89' lang='lat' dir='ltr'>sentire</span> 
     </span>
    </p>

    <p class='ocr_par' dir='ltr' id='par_1_17' title="bbox 826 4342 1402 4557">
     <span class='ocr_line' id='line_1_98' title="bbox 844 4342 969 4390; baseline 0.008 -2"><span class='ocrx_word' id='word_1_646' title='bbox 844 4355 890 4389; x_wconf 92' lang='lat' dir='ltr'>uae</span> <span class='ocrx_word' id='word_1_647' title='bbox 918 4342 969 4390; x_wconf 90' lang='lat' dir='ltr'>icit.</span> 
     </span>
     <span class='ocr_line' id='line_1_99' title="bbox 826 4355 1401 4468; baseline 0.005 -14"><span class='ocrx_word' id='word_1_648' title='bbox 826 4355 843 4405; x_wconf 74' lang='lat' dir='ltr'><strong>q</strong></span> <span class='ocrx_word' id='word_1_649' title='bbox 863 4421 900 4468; x_wconf 85' lang='lat'>24.</span> <span class='ocrx_word' id='word_1_650' title='bbox 919 4409 977 4454; x_wconf 87' lang='lat' dir='ltr'>nisi</span> <span class='ocrx_word' id='word_1_651' title='bbox 994 4408 1081 4457; x_wconf 84' lang='lat' dir='ltr'>forte:</span> <span class='ocrx_word' id='word_1_652' title='bbox 1106 4407 1147 4455; x_wconf 91' lang='lat' dir='ltr'>the</span> <span class='ocrx_word' id='word_1_653' title='bbox 1166 4406 1236 4456; x_wconf 91' lang='lat' dir='ltr'>other</span> <span class='ocrx_word' id='word_1_654' title='bbox 1254 4405 1401 4457; x_wconf 86' lang='lat' dir='ltr'>alternative</span> 
     </span>
     <span class='ocr_line' id='line_1_100' title="bbox 827 4471 1402 4557; baseline 0.003 -36"><span class='ocrx_word' id='word_1_655' title='bbox 827 4472 913 4521; x_wconf 90' lang='lat' dir='ltr'>would</span> <span class='ocrx_word' id='word_1_656' title='bbox 930 4471 1028 4522; x_wconf 89' lang='lat' dir='ltr'>involve</span> <span class='ocrx_word' id='word_1_657' title='bbox 1045 4473 1087 4522; x_wconf 89' lang='lat' dir='ltr'>the</span> <span class='ocrx_word' id='word_1_658' title='bbox 1105 4473 1261 4538; x_wconf 86' lang='lat' dir='ltr'>supposition</span> <span class='ocrx_word' id='word_1_659' title='bbox 1278 4472 1339 4557; x_wconf 62' lang='lat' dir='ltr'>that,</span> <span class='ocrx_word' id='word_1_660' title='bbox 1355 4475 1402 4524; x_wconf 74' lang='lat' dir='ltr'>&amp;o</span> 
     </span>
    </p>
   </div>
   <div class='ocr_carea' id='block_1_6' title="bbox 0 0 1528 5032">
    <p class='ocr_par' dir='ltr' id='par_1_18' title="bbox 0 0 1528 5032">
     <span class='ocr_line' id='line_1_101' title="bbox 0 0 1528 5032; baseline 0 0"><span class='ocrx_word' id='word_1_661' title='bbox 0 0 1528 5032; x_wconf 95' lang='lat' dir='ltr'> </span> 
     </span>
    </p>
   </div>
  </div>
 </body>
</html>
