3046 5032
488 363 638 426 seraa
655 365 756 428 aaa
777 365 1044 431 aaronica.
1342 370 1364 434 ri
1481 358 1485 363 ’

206 538 249 600 As
259 538 309 599 the
320 546 498 612 synonyma
511 539 571 599 and
585 537 668 599 other
680 536 772 598 forms
783 537 818 598 of
828 538 935 598 double
946 540 1116 618 expression
1126 541 1156 598 in
1167 539 1215 601 the
1224 539 1365 620 Dialogue

164 636 238 698 have
255 638 391 717 engaged
411 659 429 700 a
449 649 531 717 great
551 637 617 698 deal
638 637 672 698 of
689 637 840 711 attention,
861 656 894 696 as
914 637 1042 716 sonning
1063 658 1101 697 an
1122 640 1279 717 important
1300 653 1364 718 part

163 736 198 795 oi
218 736 267 797 the
291 737 414 797 internal
437 737 576 798 evidence
600 735 749 796 advanced
769 736 810 813 hy
830 754 920 813 many
939 737 1053 814 against
1074 737 1122 796 the
1144 738 1313 816 authorship
1333 740 1366 798 oi

164 833 297 908 Tacitus,
309 854 327 895 a
341 854 424 896 more
438 854 470 895 or
484 835 540 896 less
555 835 699 912 complete
711 834 757 893 list
771 853 840 912 may
849 836 886 895 be
901 835 988 912 given
998 834 1076 912 here,
1089 835 1157 896 with
1171 835 1219 897 the
1234 837 1363 898 addition
1377 901 1381 908 ,

161 931 200 992 of
208 933 257 993 the
271 952 354 994 more
367 933 489 1012 striking
503 933 537 994 os
552 934 601 993 the
620 932 808 1011 parallelisms
828 932 904 992 from
924 933 1038 1006 Cicer0,
1055 933 1176 1007 Seneca,
1191 934 1251 995 and
1267 934 1363 1008 Quin-

162 1030 244 1089 tilian
258 1032 352 1092 which
366 1032 439 1092 have
453 1034 528 1093 been
542 1031 683 1093 collected
700 1032 739 1109 by
753 1031 803 1091 the
816 1031 948 1109 industry
961 1031 996 1091 of
1008 1032 1080 1091 such
1093 1033 1201 1092 writers
1215 1051 1247 1093 as
1263 1032 1362 1092 Wein-

161 1127 254 1203 kauff,
270 1129 402 1203 Gericlxe,
418 1130 602 1202 Gruenwald,
616 1129 744 1202 Kleiber,
758 1129 819 1190 and
832 1129 947 1190 Novak.

199 1310 223 1366 1.
239 1326 278 1381 13.
303 1313 439 1368 memoria
450 1317 479 1369 et
488 1312 695 1374 recordatione:
708 1329 751 1382 cp.
762 1310 907 1367 Cic.Lael.
918 1313 933 1380 §
945 1327 994 1381 103
1004 1313 1161 1368 recordatio
1169 1321 1197 1368 et
1207 1313 1343 1368 memoria
1353 1330 1359 1381 ;

162 1397 208 1453 De
218 1399 306 1455 Prae.
321 1401 401 1456 Com.
415 1402 429 1469 §
442 1415 476 1469 43
489 1399 579 1455 ultimi
591 1400 726 1470 temporis
738 1399 931 1455 recordatione
944 1408 971 1454 et
984 1399 1102 1470 proximi
1115 1400 1260 1455 memoria.

196 1487 278 1543 216.
303 1489 463 1542 industriae
473 1493 501 1542 et
516 1488 629 1542 laboris.
666 1487 723 1542 Cic.
737 1489 821 1542 Brut.
835 1488 849 1555 §
864 1500 926 1556 237,
937 1487 992 1542 Ad
999 1489 1081 1541 Fam.
1093 1485 1147 1543 xiii.
1165 1503 1204 1556 10,
1217 1503 1243 1556 3.

195 1573 223 1628 4.
235 1589 261 1629 2.
276 1576 417 1647 frequeru
434 1580 463 1630 et
485 1576 602 1631 assidua
619 1577 764 1631 contentio.
801 1575 898 1645 Quint.
917 1575 953 1630 xi.
972 1590 997 1644 2,
1014 1577 1048 1629 28
1067 1575 1200 1630 continua
1218 1583 1246 1630 et
1263 1575 1359 1631 crebra

160 1662 316 1719 meditatio.

195 1751 222 1804 4.
235 1765 259 1819 3.
286 1753 399 1823 agitare
409 1758 437 1807 et
447 1751 566 1823 insequi.
603 1751 661 1807 Cic.
674 1753 734 1805 Pro
745 1752 827 1805 Mur.
841 1751 855 1819 §
870 1765 911 1806 21.

195 1836 221 1891 5.
233 1853 277 1907 23.
302 1845 406 1894 metum
418 1845 446 1894 et
456 1845 599 1894 terrorem.
634 1839 709 1910 Agr.
720 1839 801 1893 noxii.
814 1840 830 1893 8
842 1857 849 1906 ;
870 1838 928 1893 Cic.
946 1839 1024 1893 Verr.
1037 1837 1073 1893 iv.
1087 1851 1129 1906 19,
1140 1850 1184 1904 41.

195 1926 222 1979 5.
235 1940 277 1994 24
297 1928 427 1997 potentia
435 1945 468 1982 aa
473 1932 628 1998 potestate:
648 1945 696 1983 see
708 1935 773 1981 note
785 1926 824 1981 ad
835 1927 888 1980 loc.

195 2013 220 2067 6.
230 2028 256 2082 3.
279 2013 366 2069 libere
373 2020 402 2070 et
411 2016 534 2086 ingenuo
547 2033 553 2070 :
573 2031 605 2070 so
618 2014 713 2086 Quint.
725 2015 805 2068 Decl.
820 2028 878 2080 101,
892 2013 925 2082 83
946 2024 1007 2083 351,
1020 2027 1053 2068 22
1073 2011 1126 2083 (ed.
1142 2011 1253 2081 Ritter).

195 2099 221 2154 6.
236 2112 260 2170 5.
278 2102 397 2172 plenam
405 2108 433 2157 et
434 2104 614 2175 frequentem
626 2104 749 2156 domum.

88 2194 90 2198 “
194 2187 277 2243 6.11.
300 2188 426 2244 homines
437 2195 543 2245 veteres
553 2195 581 2243 et
591 2206 675 2244 senes.

194 2275 219 2329 6.
232 2289 274 2329 22.
299 2294 403 2331 novam
415 2282 443 2331 et
453 2283 586 2333 recentem
596 2292 713 2332 euram:
733 2293 775 2346 cp.
787 2275 811 2330 8.
822 2275 963 2344 3noviset
971 2275 1142 2331 recentibus.
1156 2314 1164 2330 .
1176 2311 1184 2328 .
1198 2312 1205 2329 .
1217 2275 1359 2346 erempteh.

159 2362 199 2416 So
211 2363 289 2418 Hist.
302 2363 338 2419 iv.
352 2365 394 2434 65,
410 2376 441 2434 15
454 2383 529 2420 nova
541 2373 569 2420 et
581 2365 705 2420 recentia
718 2364 777 2418 iura
789 2381 796 2430 3
817 2363 876 2418 Cic.
887 2363 948 2417 Pro
958 2363 1073 2430 Flace.§
1084 2364 1102 2418 6
1114 2363 1175 2432 lege
1187 2363 1242 2418 hac
1254 2362 1358 2418 recenti

157 2466 193 2504 ac
204 2467 296 2519 nova;
317 2451 377 2507 Liv.
390 2464 433 2522 35,
448 2467 481 2507 10
492 2469 568 2507 nova
580 2469 614 2508 ac
626 2452 749 2507 recentia
759 2450 863 2506 omnia.

195 2538 218 2591 7.
232 2538 256 2592 8.
274 2542 354 2594 tueri
362 2545 391 2595 et
400 2540 560 2611 defendere:
580 2557 627 2596 see
638 2549 705 2594 note
717 2539 755 2594 ad
767 2540 818 2593 loc.

195 2620 219 2675 7.
234 2636 276 2679 11.
294 2625 382 2695 sama
392 2629 420 2678 et
430 2626 502 2679 laus.
540 2623 634 2694 Quint.
647 2625 724 2678 Deel.
740 2635 783 2692 37,
800 2637 832 2690 14
844 2621 926 2677 laude
939 2630 967 2676 et
979 2621 1063 2676 sama.

191 2707 219 2775 Ι7.
234 2722 274 2778 17.
299 2710 425 2766 advenae
436 2716 464 2765 et
468 2713 624 2783 peregrini.

194 2795 219 2850 8.
233 2809 258 2864 7.
284 2815 387 2854 numen
399 2805 427 2854 et
438 2800 563 2854 caelestis
574 2800 627 2854 vis.

195 2883 220 2938 8.
237 2899 278 2940 11.
304 2887 449 2941 sordidius
460 2892 488 2941 et
498 2886 648 2942 abiectius:
669 2902 700 2939 so
712 2885 792 2940 Anu.
804 2884 859 2940 xiii.
872 2885 916 2953 46,
937 2884 969 2939 16
987 2881 1128 2937 abiectum
1145 2890 1173 2936 et
1192 2880 1354 2937 sordidum:

157 2987 201 3041 cp.
216 2971 310 3042 Quint.
323 2972 351 3028 ii.
367 2986 451 3043 12,7;
472 2974 537 3028 Sen.
551 2975 606 3044 Ep.
620 2986 662 3042 37,
675 2987 700 3040 4

192 3058 217 3114 8.
233 3075 273 3114 12.
294 3063 454 3132 paupertas
464 3067 492 3115 et
502 3063 654 3132 angustiae
665 3077 770 3115 rerum.

192 3146 219 3201 9.
234 3162 257 3202 1.
283 3151 413 3203 carmina
425 3155 453 3202 et
463 3165 580 3204 versus:
600 3166 647 3204 see
659 3157 734 3204 note.

192 3235 218 3289 9.
233 3247 273 3305 15.
299 3237 412 3291 excudit
422 3242 450 3291 et
458 3236 654 3291 elucubravit:
675 3253 722 3290 see
734 3245 807 3290 note.

192 3323 217 3378 9.
231 3337 272 3379 21.
291 3330 396 3380 certam
415 3329 443 3378 et
457 3325 578 3378 solidam
596 3362 603 3379 .
623 3364 630 3379 .
650 3362 657 3378 .
666 3324 795 3396 frugem.
826 3322 922 3392 Quint.
940 3323 1019 3378 Decl.
1040 3322 1099 3388 116,
1119 3335 1135 3375 2
1157 3321 1267 3376 firmam
1288 3318 1354 3376 soli·

154 3411 285 3482 demque.

191 3499 217 3553 9.
231 3514 273 3568 29.
299 3499 442 3554 elaborare
453 3505 481 3554 et
491 3501 600 3570 efficere.
641 3497 699 3553 Cic.
712 3499 766 3552 Ad
774 3500 857 3553 Fam.
873 3497 909 3551 ix.
924 3498 964 3566 16,
975 3511 1000 3551 2.

190 3586 215 3642 9.
229 3601 272 3655 31.
297 3604 412 3641 nemora
424 3592 452 3641 et
462 3588 545 3643 lucos.
584 3587 676 3642 Germ.
693 3585 777 3651 ix.8;
805 3604 831 3640 x.
847 3600 878 3640 12
892 3605 900 3651 ;
925 3585 979 3638 xlv.
992 3599 1043 3638 22:
1071 3600 1115 3654 cp.
1129 3581 1223 3654 Quint.
1242 3601 1268 3636 x.
1281 3597 1306 3651 3,
1320 3597 1353 3636 22

155 3689 271 3729 nemora
282 3673 431 3744 silvasque.

192 3761 234 3816 10.
250 3775 290 3830 14
315 3779 412 3818 sames
423 3767 451 3815 et
462 3761 640 3816 venerabiles.
668 3761 732 3816 Sen.
743 3761 799 3830 Ep.
810 3775 852 3828 14,
867 3774 897 3815 11
911 3760 968 3814 and
984 3770 1025 3829 55,
1038 3773 1073 3826 4;
1093 3759 1190 3829 Quint.
1201 3758 1278 3813 Decl.
1292 3770 1353 3826 345,

158 3863 190 3916 14
202 3865 310 3904 sacram
323 3858 350 3904 et
363 3849 570 3905 venerabilem:
589 3865 632 3918 cp.
646 3860 706 3916 270,
720 3860 764 3918 25.

192 3935 233 3994 10.
242 3952 285 3992 22.
311 3937 398 3991 robur
408 3955 442 3992 aa
452 3939 536 3991 uires.
573 3938 651 3991 Hist.
665 3935 693 3990 ii.
708 3951 750 4005 11,
760 3950 777 4004 9
786 3935 885 3990 virium
897 3951 931 3990 ac
944 3933 1052 3988 roboris
1066 3931 1169 4003 (where
1181 3934 1258 3988 uires
1266 3930 1352 3985 refers

154 4023 284 4079 however
295 4034 325 4080 to
337 4024 489 4080 numerical
502 4023 639 4093 strength)
652 4042 659 4079 :
679 4041 723 4094 cp.
737 4024 832 4095 Quint.
845 4042 871 4077 v.
886 4038 927 4089 12,
943 4024 975 4078 18
987 4024 1071 4077 robur
1083 4038 1117 4075 ac
1131 4023 1257 4076 lacertos.

192 4111 232 4166 10.
246 4126 288 4180 31.
310 4113 448 4179 fortuitae
459 4118 487 4166 et
497 4113 605 4168 subitae
617 4112 764 4182 dationis:
785 4129 832 4166 see
844 4120 920 4165 note.

191 4199 231 4254 11.
244 4212 269 4267 7.
296 4201 399 4270 efficere
410 4206 437 4254 et
448 4201 525 4256 eniti.
564 4199 621 4254 Cic.
633 4200 752 4267 Amic.§
767 4213 818 4269 59:
835 4198 1006 4268 cp.Diu.in
1022 4195 1097 4251 Caec.
1111 4195 1125 4262 §
1139 4192 1181 4248 26.

191 4286 231 4341 ll.
247 4302 288 4344 11.
313 4288 431 4341 notitiae
442 4305 477 4343 ac
486 4289 617 4352 nominis,
630 4288 686 4341 and
699 4287 782 4356 again
795 4286 878 4341 2136.
894 4299 935 4354 19.

191 4373 232 4428 12.
247 4386 270 4444 5.
296 4374 358 4429 loca
364 4377 444 4444 pura
456 4381 540 4445 atque
552 4377 719 4429 innocentia.

190 4461 232 4517 12.
247 4476 287 4518 12.
310 4464 404 4533 poetas
414 4467 442 4516 et
452 4462 572 4518 vatibus.

729 4567 779 4608 Η
