3046 5032
436 354 674 420 DJALOGUS
693 355 763 417 DE
784 357 870 418 ORA
879 356 1086 422 TORIBUS.
1319 377 1359 425 21

163 559 222 614 aut
251 551 372 617 salutat
382 563 456 640 „aut
486 555 718 638 prosequitur?
756 557 888 639 Nempe
913 555 940 620 si
966 556 1091 621 amicus
1121 555 1199 630 eius,
1230 557 1256 620 si
1286 576 1360 641 pro·
1378 588 1408 623 10

163 662 315 744 pinquus,
334 665 361 728 si
377 666 519 749 denique
540 667 659 749 ipsein
679 667 814 750 aliquod
836 668 1007 750 negotium
1029 668 1189 746 inciderit,
1210 667 1253 731 ad
1274 669 1360 733 hunc

164 774 354 840 Secundum
375 788 517 843 recurret
535 790 593 845 aut
611 781 653 845 ad
669 790 712 859 te,
729 780 888 858 Materne,
904 801 972 844 non
988 780 1067 863 quia
1081 790 1181 864 poeta
1195 802 1238 860 es,
1254 802 1361 864 neque

162 896 199 950 ut
218 907 277 970 pro
297 909 337 953 eo
352 910 465 954 versus
484 889 605 968 sacias3
627 892 661 954 hi
679 893 767 956 enirn
789 890 894 956 Basso
914 892 1006 956 domi
1028 901 1212 971 nascuntur,
1232 893 1360 976 pulchri

160 1000 297 1080 quidem
320 1012 353 1065 et
376 1003 516 1081 iucundi,
539 1024 680 1086 quorum
703 1014 816 1069 tamen
839 1005 893 1068 hic
915 1005 1025 1070 exitus
1048 1013 1107 1080 est,
1132 1014 1169 1069 ut
1189 1024 1265 1068 cum
1288 1015 1360 1071 toto

161 1131 258 1188 ann0,
271 1133 329 1194 per
340 1135 455 1179 omnes
471 1116 551 1190 dice,
567 1137 688 1199 magna
701 1117 848 1180 noctium
864 1126 959 1200 parte
970 1137 1071 1180 unum
1088 1117 1206 1181 librum
1223 1118 1360 1182 excudit
1375 1139 1403 1188 15

161 1233 196 1287 et
219 1222 431 1302 elucubravit,
447 1249 563 1310 rogare
586 1229 673 1292 ultro
697 1236 730 1292 et
752 1229 877 1293 ambire
901 1239 1037 1311 cogatur
1059 1238 1097 1293 ut
1119 1229 1185 1293 sint
1207 1229 1264 1310 qui
1285 1229 1358 1312 dig-⁴

162 1343 281 1398 nentur
297 1338 418 1417 audire,
437 1349 470 1403 et
485 1361 527 1403 ne
542 1340 575 1403 id
592 1341 726 1423 quidem
740 1340 863 1424 gratis3
886 1361 964 1403 nam
980 1350 1014 1403 et
1029 1343 1167 1405 domum
1189 1350 1359 1404 mutuatur

161 1455 194 1509 et
209 1448 409 1513 auditorium
426 1452 568 1516 exstruit
583 1462 617 1516 et
636 1452 792 1516 subsellia
809 1452 965 1516 conducit
986 1460 1020 1515 et
1040 1451 1169 1516 libellos
1190 1450 1358 1533 dispergit.

161 1558 207 1620 Et
226 1569 262 1624 ut
281 1561 491 1628 beatissimus
509 1564 738 1628 recitationem
759 1564 829 1627 eius
851 1573 988 1628 eventus
1009 1572 1234 1647 prosequatur,
1250 1564 1357 1628 omnis

159 1669 223 1734 ista
243 1669 316 1734 laus
336 1674 421 1738 intra
439 1694 542 1739 unum
562 1685 619 1740 aut
638 1676 778 1740 alterurn
795 1676 892 1752 diem,
909 1676 1000 1741 velut
1020 1677 1052 1739 in
1074 1676 1177 1740 herba
1194 1675 1247 1738 vel
1268 1673 1349 1740 flore
1373 1693 1404 1729 20

244 1811 281 1848 10.
298 1806 334 1848 est
344 1801 390 1849 AB
403 1801 452 1865 (sor
462 1803 543 1866 cius):
562 1819 611 1852 om.
626 1803 662 1852 H.
830 1816 868 1852 12.
884 1803 999 1852 decurret
1009 1803 1156 1864 Gronovius,
1168 1802 1268 1854 Novak.

569 1882 606 1917 20.
624 1869 673 1917 ista
684 1868 730 1917 AB
740 1884 747 1921 t
765 1869 811 1918 illa
822 1868 943 1931 CDHV,

194 1981 231 2020 10.
251 1974 375 2031 Nempe:
394 1976 465 2040 ‘why
475 1976 573 2039 surely!
785 1976 861 2041 being
871 1976 974 2026 conrted
991 1991 1024 2026 ou
1040 1975 1104 2026 their
1119 1981 1233 2035 account,
1243 1973 1286 2026 the
1297 1983 1356 2041 poet

195 2049 231 2086 11.
250 2043 418 2096 negotium:
461 2058 531 2092 some
566 2041 734 2092 troubleeome
785 2040 1357 2106 hasactuallytogoaboutandrequestpeople

158 2101 275 2162 business,
288 2106 416 2170 involving
432 2123 464 2155 an
480 2109 563 2159 aetion
575 2115 601 2156 at
611 2108 675 2156 law:
693 2123 730 2171 cp.
784 2115 812 2157 to
824 2109 854 2156 be
865 2108 932 2172 good
941 2107 1040 2170 enough
1051 2115 1078 2157 to
1089 2107 1145 2170 give
1154 2106 1207 2155 him
1218 2123 1234 2155 a
1244 2106 1355 2170 hearing.

158 2175 216 2215 note
229 2185 261 2217 on
273 2171 379 2233 auguria,
392 2175 432 2221 38.
445 2187 467 2235 9.
817 2182 854 2236 17.
872 2177 984 2222 domum
996 2178 1148 2221 mutuatur.
1166 2172 1200 2221 So
1208 2172 1263 2235 Juv.
1272 2172 1314 2220 vii.
1323 2184 1356 2234 40

193 2246 232 2283 12.
249 2242 383 2285 recurret.
413 2238 467 2286 The
478 2239 536 2286 verb
548 2253 634 2288 occurs
646 2237 670 2285 in
682 2237 733 2286 this
782 2239 925 2287 commodat
943 2238 1031 2287 aedes:
1055 2239 1118 2288 Plin.
1136 2238 1183 2302 Ep.
1200 2237 1252 2286 viii.
1272 2253 1296 2299 a,
1314 2243 1354 2296 §a

158 2311 226 2346 sense
245 2298 299 2349 also
323 2301 347 2349 in
371 2302 529 2365 Quintilian:
552 2306 590 2354 Pr.
610 2307 622 2361 5
643 2312 672 2365 17
690 2319 731 2352 ne·
781 2303 884 2352 domum
901 2319 970 2352 suam
988 2303 1146 2352 recitantibus
1164 2303 1272 2367 praebet.
1307 2303 1354 2366 Cp.

158 2377 224 2411 cesse
243 2367 330 2414 estad
349 2383 392 2416 eos
412 2369 547 2433 aliquando
563 2376 676 2419 auctores
694 2385 731 2418 re·
782 2367 839 2417 Sen.
858 2370 904 2433 Ep.
925 2385 998 2419 xcv:
1022 2368 1086 2418 Plin.
1105 2369 1151 2432 Ep.
1171 2381 1193 2428 1,
1217 2381 1261 2429 13:
1288 2367 1355 2418 Suet.

157 2433 354 2544 illii’filf
367 2433 518 2547 'il-⁶1¹³·
552 2434 732 2484 ‘mmm
782 2432 1267 2548 ellidii“llll“lffliilllil·
1282 2448 1353 2548 lc...

192 2572 228 2621 13.
247 2513 521 2626 boffiedassddcdtbr,
548 2581 564 2614 a
591 2563 732 2629 proverbial
781 2536 853 2613 1>th
862 2565 888 2612 ii.
904 2514 970 2677 §epyo
975 2535 992 2592 ‘⁹
1007 2514 1157 2613 iddiiagtbarum
1174 2515 1288 2624 libelloij'
1304 2563 1355 2613 like

157 2628 307 2689 expression,
319 2629 380 2676 used
391 2629 420 2679 oi
432 2630 500 2679 what
511 2646 558 2679 one
570 2645 695 2694 possesses
705 2630 731 2678 in
781 2629 928 2694 ourplaybil
952 2665 958 2676 .
989 2580 1104 2692 {oproh
1117 2628 1192 2677 Mart.
1205 2629 1253 2676 xiv.
1269 2642 1313 2691 142
1328 2626 1354 2678 Si

156 2691 310 2751 abundance,
321 2694 371 2741 and
382 2695 442 2744 does
453 2704 498 2746 not
511 2697 573 2744 need
589 2701 616 2743 to
633 2696 730 2744 borrow
779 2695 922 2744 recitaturus
933 2694 1024 2743 dedero
1036 2694 1082 2743 tibi
1094 2693 1157 2743 forte
1168 2693 1282 2742 libellum
1295 2693 1354 2744 Hoc

156 2755 219 2804 irom
237 2757 375 2810 elsewhere.
409 2759 443 2809 So
460 2759 542 2810 Plaut.
560 2760 727 2819 Cist.ii.1,2
779 2759 861 2809 focale
872 2767 928 2809 tuas
938 2760 1037 2809 adserat
1050 2758 1179 2807 auriculas.
1213 2758 1244 2806 In
1257 2759 1303 2823 Ep.
1317 2759 1353 2807 iii.

156 2821 220 2871 hanc
231 2838 279 2886 ego
295 2825 327 2872 de
342 2840 382 2873 me
397 2825 564 2874 coniecturam
575 2825 644 2874 dorni
655 2825 728 2885 racio,
782 2826 812 2872 18
829 2825 900 2889 Pliny
912 2840 1021 2889 opposes
1038 2822 1150 2873 ‘libelli'
1166 2830 1193 2872 to
1212 2821 1353 2873 ‘codicilli'

155 2902 186 2935 ne
198 2902 314 2950 quaeram
325 2890 393 2938 ioris.
416 2891 463 2954 Cp.
476 2892 529 2941 Cic.
539 2890 618 2940 Acad.
630 2890 656 2938 ii.
670 2895 683 2949 5
696 2891 728 2938 80
781 2890 841 2954 (non
858 2906 903 2955 per
918 2888 1056 2948 codicillos,
1067 2904 1118 2937 non
1134 2904 1178 2953 per
1192 2887 1312 2938 libellos.
1325 2927 1331 2939 .
1344 2927 1351 2939 .

156 2953 225 3001 domi
253 2954 325 3003 nobis
350 2954 398 3004 ista
419 2965 551 3005 nascuntur
572 2955 662 3019 (where
681 2957 727 3004 Dr.
779 2955 921 3019 admoniti),
934 2955 976 3004 the
987 2954 1061 3004 latter
1071 2953 1256 3017 beiug‘letters
1274 2953 1303 3002 oi
1315 2954 1351 3002 in·

156 3017 220 3066 Reid
232 3019 304 3068 refers
315 3027 343 3068 to
354 3021 435 3070 Plaut.
446 3021 503 3071 Mil.
516 3022 587 3071 Glor.
599 3034 647 3085 194
657 3021 727 3070 domi
778 3018 899 3080 vitation,'
911 3026 938 3068 to
947 3020 1028 3070 which
1040 3016 1188 3083 ‘dispergit’
1199 3017 1258 3067 here
1266 3019 1351 3068 would

155 3083 242 3133 habet:
261 3101 300 3148 cp.
310 3084 366 3134 Cas.
378 3087 403 3135 ii.
418 3099 441 3146 3,
454 3088 468 3134 8
481 3087 645 3136 coniecturam
657 3085 726 3135 domi
777 3085 809 3135 be
820 3085 909 3149 hardly
919 3101 948 3134 so
960 3083 1108 3149 applicable.
1376 3087 1378 3091 ’

155 3149 220 3197 iacio
235 3151 316 3212 magis
332 3166 406 3214 quam
423 3167 453 3200 ex
470 3153 575 3201 auditis:
594 3151 687 3216 Amph.
700 3153 726 3200 ii.
813 3165 851 3215 19.
875 3154 1062 3200 beatissimus.
1107 3149 1195 3199 Cicero
1224 3149 1284 3197 does
1305 3157 1350 3198 not

157 3229 180 3274 a,
193 3230 207 3278 5
220 3214 246 3262 id
256 3229 322 3264 nunc
333 3218 447 3281 experior
457 3217 535 3266 domo
546 3225 620 3281 atque
630 3217 685 3281 ipsa
696 3217 727 3267 de
777 3217 855 3280 apply
879 3216 963 3264 beatus
988 3224 1015 3264 to
1041 3213 1142 3278 things:
1171 3229 1210 3278 cp.
1235 3215 1351 3264 however

154 3290 195 3327 tne
215 3280 293 3344 scio):
317 3282 387 3330 domi
403 3289 448 3337 est,
464 3284 517 3333 Att.
533 3300 557 3331 x.
577 3297 624 3345 14:
650 3282 726 3331 domo
779 3282 864 3345 Quint.
878 3298 901 3331 x.
916 3280 979 3338 1‚61
993 3280 1119 3343 and109;
1135 3280 1169 3329 ib.
1183 3293 1206 3341 3,
1220 3293 1258 3328 aa.

154 3352 230 3408 petes,
244 3346 315 3394 Fam.
335 3348 376 3395 vii.
399 3361 446 3410 25:
477 3350 530 3397 Art.
550 3349 567 3396 i.
590 3362 629 3410 19,
648 3361 678 3409 3:
702 3365 727 3396 x.
813 3361 850 3395 ao.
868 3363 958 3396 unum
970 3353 1019 3396 aut
1029 3349 1165 3395 alterum:
1182 3346 1227 3394 See
1235 3359 1268 3393 on
1277 3346 1317 3393 11.
1325 3344 1348 3394 6.

157 3423 195 3472 14,
218 3425 246 3461 2:
281 3412 313 3460 ad
336 3413 408 3463 Fam.
430 3412 463 3461 ix.
487 3428 511 3476 3,
536 3428 564 3463 2:
599 3414 656 3462 Sen.
679 3414 727 3478 Ep.
811 3416 976 3464 herba...
996 3410 1348 3470 floro...rrugem‚1eas,

153 3476 220 3526 xxiii.
234 3490 256 3538 3.
778 3477 1001 3537 flower,andfruit
1032 3475 1166 3539 Theglory
1174 3475 1227 3524 orit
1235 3474 1271 3524 all
1280 3475 1349 3524 fades

189 3553 226 3603 14
244 3557 364 3599 quorum
376 3549 486 3594 tamen:
503 3543 600 3608 though
616 3543 675 3609 they
690 3560 727 3595 re·
778 3540 1349 3607 away(cp.Quint.i.3,3)likeaplantthathas

153 3606 204 3655 ault
215 3606 241 3655 in
251 3609 364 3672 nothing,
376 3616 464 3674 except
475 3611 535 3670 that,
549 3613 595 3659 &o
778 3608 840 3658 been
853 3608 961 3672 pluclred
974 3607 1059 3657 before
1073 3607 1093 3656 it
1106 3608 1128 3654 is
1142 3606 1212 3670 ripe:
1230 3605 1268 3654 lit.
1279 3609 1287 3634 ‘
1294 3621 1347 3669 pre·

189 3686 225 3734 15.
244 3677 360 3723 exoudit
387 3681 417 3724 et
444 3678 636 3725 eluoubrevit:
664 3672 726 3723 ‘has
776 3670 1348 3737 maturelygathered,asitwere,intheblade

153 3736 296 3788 hammered
318 3747 369 3800 ont,
388 3756 447 3790 over
468 3740 511 3790 the
532 3740 656 3803 midnight
672 3740 725 3790 oil!
777 3755 805 3788 or
815 3740 857 3788 the
868 3737 969 3788 bloom'
1002 3737 1126 3787 Acertain
1136 3735 1293 3798 obscurityin
1305 3734 1348 3784 the

154 3802 202 3867 Cp.
219 3804 274 3853 Cic.
285 3804 317 3852 ad
329 3805 383 3854 Att.
395 3820 434 3854 xv.
448 3814 487 3868 27,
504 3819 517 3854 a
536 3805 664 3854 Excudam
680 3804 726 3854 ali·
775 3803 942 3869 phraseology
958 3804 1047 3852 results
1064 3802 1128 3850 from
1147 3817 1179 3850 an
1197 3807 1303 3864 attempt
1320 3806 1347 3849 to

154 3868 213 3931 quid
231 3865 415 3930 Ἡρακλειδᾶν,
438 3871 505 3934 quod
526 3869 603 3920 lateat
625 3869 650 3919 in
671 3871 724 3919 the·
775 3870 889 3919 combine
906 3868 948 3918 the
965 3868 1043 3932 figure
1061 3867 1122 3916 with
1138 3867 1180 3914 the
1196 3866 1246 3914 lact
1264 3865 1347 3940 which

154 3933 231 4008 sauvis
248 3935 313 3986 tuis:
332 3937 382 3984 and
398 3935 437 3984 ior
454 3935 548 3985 similar
559 3935 648 4000 figures
659 3935 724 3984 Plin.
774 3936 817 3984 the
840 3934 918 3998 figure
942 3934 1094 3982 illustratas:
1121 3930 1186 4014 thus,
1205 3930 1268 3978 aster
1296 3933 1346 3977 ‘rn-

152 4000 725 4130 1³1³.nteatitularentur
774 3993 1347 4128 11..¹¹¹113.urt11.1n01aut

153 4143 250 4178 cannen
262 4130 358 4180 triviale
369 4139 477 4181 moneta.
512 4132 562 4182 For
570 4130 725 4180 elucubravit
774 4130 860 4179 bitur:
883 4129 957 4178 while
977 4124 1138 4192 ‘praecepta’
1157 4126 1179 4173 is
1196 4125 1286 4187 hardly
1302 4139 1346 4188 ap-

153 4209 192 4257 cp.
210 4195 263 4244 Cic.
282 4197 349 4244 Brut.
368 4201 381 4256 5
400 4210 445 4259 31²
467 4195 560 4246 multae
577 4194 722 4258 (orationes)
773 4194 883 4261 plicable
901 4201 929 4244 to
946 4193 1045 4242 ‘omnis
1062 4193 1111 4240 ista
1130 4188 1218 4266 laus’⁴
1236 4189 1287 4237 For
1302 4189 1345 4238 the

153 4273 214 4322 quas
231 4275 281 4309 non
298 4262 380 4310 minus
395 4261 527 4325 diligenter
543 4262 682 4312 elaboratas
699 4270 724 4310 et
773 4259 922 4324 expression,
941 4274 980 4322 cp.
999 4257 1068 4306 Hist.
1086 4272 1108 4304 v.
1127 4264 1148 4317 7,
1166 4268 1180 4318 5
1199 4270 1250 4304 srve
1267 4254 1344 4330 herba

152 4331 269 4389 tanquam
280 4327 437 4377 elucubratas
449 4326 618 4376 afferebamus.
773 4334 843 4375 tenus
860 4331 903 4373 ant
922 4322 983 4372 flore
1003 4337 1046 4371 seu
1067 4319 1174 4369 solidam
1191 4320 1217 4369 in
1235 4334 1344 4395 spectem

187 4389 224 4438 16.
242 4406 340 4449 rogare
352 4396 436 4441 ultro.
470 4392 569 4441 Instead
577 4391 607 4440 oi
611 4390 724 4455 deriving
773 4390 917 4441 adolevere:
932 4387 981 4436 and
991 4387 1169 4451 forpraeccpta,
1178 4385 1246 4435 Hist.
1255 4385 1291 4460 iir.
1304 4396 1343 4446 15,

151 4456 264 4505 material
281 4458 420 4522 advantage
430 4458 495 4506 from
512 4457 551 4507 hie
567 4472 663 4525 poema,
674 4456 724 4506 and
776 4455 929 4506 1oiestinato
936 4453 1030 4518 praelio
1037 4450 1167 4500 victoriam
1174 4457 1345 4516 praecepisset.
