3046 5032
207 361 250 425 60
599 362 830 428 CORNELII
851 363 1013 428 TACIYI

160 553 193 603 35
208 535 358 618 exsurgit
380 535 460 599 toris
476 535 631 618 ipsosque
653 557 771 601 nervos
792 537 892 600 rubor
906 537 990 619 tegit
1011 545 1044 600 et
1063 536 1161 599 decor
1183 533 1405 599 commendat.

208 646 299 711 Nolo
327 646 506 711 Corvinum
531 648 665 731 insequi,
687 649 765 731 quia
790 669 856 712 uon
882 670 941 731 per
964 649 1070 731 ipsum
1092 647 1185 711 stetit
1206 666 1273 729 quo
1297 646 1407 708 minus

208 758 368 824 laetitiam
384 761 589 843 nitoremque
605 769 791 825 nostrorum
811 770 998 843 temporum
1014 760 1233 843 exprimeret3
1256 757 1407 821 videmus

208 871 296 934 enim
312 891 412 953 quam
428 872 549 935 iudicio
565 873 635 936 eius
649 874 699 936 vis
713 880 771 935 aut
786 873 887 936 animi
902 884 961 937 aut
976 872 1098 955 ingenii
1114 870 1288 934 suffecerit.

252 986 313 1053 22.
336 982 395 1046 Ad
419 982 611 1048 Ciceronem
634 985 739 1063 venio,
762 985 813 1050 cui
836 986 952 1048 eadem
979 1004 1091 1066 pugna
1116 1004 1191 1047 cum
1214 979 1407 1064 aequalibus

208 1095 276 1157 suis
291 1095 352 1159 suit
367 1117 453 1178 quae
469 1097 548 1158 mihi
563 1097 734 1161 vobiscum
750 1105 810 1160 est.
856 1096 908 1160 Illi
925 1097 1013 1160 enim
1028 1095 1181 1178 antiquos
1194 1094 1407 1169 mirabantur,

208 1205 279 1288 ipse
301 1228 435 1271 suorum
458 1217 646 1291 temporum
670 1208 893 1291 eloquentiam
920 1207 1162 1290 anteponebat;
1196 1227 1256 1270 nec
1281 1204 1349 1269 ulla
1372 1224 1408 1266 re

209 1320 315 1401 magis
331 1320 479 1383 eiusdem
495 1321 615 1385 aetatis
627 1332 775 1385 oratores
790 1321 968 1404 praecurrit
983 1339 1085 1401 quam
1102 1318 1231 1383 iudicio.
1277 1317 1408 1379 Primus

180 1432 295 1494 tenim
312 1431 460 1496 excoluit
478 1433 672 1509 orationem,
691 1433 817 1514 primus
838 1443 871 1496 et
886 1431 996 1496 verbis
1019 1431 1184 1496 delectum
1199 1429 1351 1494 adhibuit
1372 1437 1407 1491 et

242 1596 281 1647 35.
298 1584 386 1633 rubore
394 1585 476 1634 ADC.
613 1585 652 1647 36.
671 1584 732 1649 quia
744 1600 793 1633 non
807 1585 944 1646 Ev,ca1),
956 1583 1018 1649 quia
1029 1599 1072 1632 nec
1080 1583 1126 1631 AB
1139 1583 1211 1647 (quia
1221 1588 1304 1646 nuper
1314 1580 1408 1645 HSp.).
1423 1584 1428 1589 '

209 1658 249 1712 37.
267 1650 380 1698 videmus
391 1651 459 1700 enim
470 1666 546 1715 quam
558 1651 641 1714 John:
659 1652 798 1699 vrilerimus
810 1651 915 1714 inquam
928 1650 1083 1709 ABCADH,
1091 1648 1231 1697 viderimus
1239 1648 1269 1695 in
1280 1653 1407 1711 quantum

209 1715 282 1774 EV,:
300 1722 325 1764 ct
340 1716 454 1764 vadamus
470 1717 500 1764 in
516 1723 641 1780 quantum
658 1720 708 1779 (cp.
721 1718 745 1765 2.
762 1718 800 1778 13)
818 1715 956 1774 Acidalius‚
970 1715 1058 1775 Halm,
1071 1713 1167 1762 Miiller
1184 1713 1292 1776 (lormc
1310 1749 1316 1760 .
1335 1747 1342 1760 .
1361 1747 1367 1759 .
1384 1717 1409 1760 et

210 1795 251 1843 ⁰¹³·
260 1783 282 1829 ²·
290 1782 462 1895 {alili
478 1778 1406 1907 ttl'zttl‘li,ttl‘tldtl‘tt“luitdtltttmnrr

209 1844 293 1958 “eldredi
303 1928 327 1968 4.
344 1882 457 1960 ciusdem·
464 1913 553 1961 aetatis
563 1920 670 1962 oratores
678 1863 845 1974 EV2CADpH,
857 1919 964 1961 oratores
974 1862 1063 1961 aetdtis
1072 1909 1180 1959 eiusdem
1191 1908 1246 1958 AB.
1274 1879 1280 1891 .
1293 1859 1317 1907 p·
1399 1878 1406 1892 ⁰

243 2054 282 2104 35.
300 2047 427 2100 exsurgit
435 2047 529 2102 toris,‘
535 2045 621 2094 makes
629 2045 671 2093 the
678 2044 783 2094 muscles
836 2044 1027 2094 Ciceromastix:
1052 2058 1090 2107 cp.
1107 2041 1167 2092 Aul.
1186 2040 1252 2091 Gell.
1270 2040 1329 2090 xvii.
1350 2053 1373 2100 1,
1393 2053 1405 2088 r

209 2107 280 2156 swell
298 2116 341 2157 out
352 2107 374 2158 :'
404 2108 526 2158 ‘carcere‘
547 2125 576 2157 or
595 2110 703 2160 ‘revels’
725 2126 783 2159 over
833 2111 946 2159 nonnulli
958 2117 1010 2158 tam
1017 2108 1155 2173 prodigiosi
1163 2114 1263 2171 tamque
1273 2105 1408 2155 vaecordes

209 2173 285 2222 them·
832 2177 976 2225 exstiterunt
993 2175 1017 2223 m
1031 2174 1121 2238 quibus
1135 2181 1191 2221 suut
1203 2172 1293 2221 Gallus
1304 2172 1408 2220 Asinius

243 2252 354 2295 nervos,
369 2237 499 2288 ‘sinews':
516 2255 556 2288 see
574 2240 663 2304 Mayor
680 2256 712 2288 on
729 2240 782 2290 Cic
833 2249 858 2290 et
867 2241 972 2303 Largius
980 2240 1088 2299 Licinus,
1097 2239 1167 2288 cuius
1178 2237 1240 2286 liber
1248 2238 1323 2287 etiam
1331 2238 1408 2286 fertur

211 2303 243 2352 de
254 2303 314 2351 Nat.
327 2305 402 2352 Deor.
415 2305 440 2352 ii.
454 2308 467 2363 5
482 2304 536 2365 136.
571 2305 614 2355 Tr.
633 2305 723 2354 ‘while
740 2305 783 2354 the
833 2306 937 2356 infando
949 2305 1024 2354 titulo
1037 2300 1246 2362 ‘Ciceromastixss
1258 2309 1287 2352 nt
1301 2303 1407 2352 scribere

211 2369 722 2435 sinewstooshowaruddycomplexion
733 2371 783 2418 and
832 2373 885 2420 ausi
905 2371 954 2419 sint
975 2370 1011 2419 M.
1029 2371 1175 2420 Ciceronem
1198 2385 1287 2433 parum
1310 2368 1407 2431 integre

210 2433 467 2496 agracefnloutline.'
832 2445 905 2500 atque
942 2436 1078 2500 improprie
1115 2442 1190 2498 atque
1225 2433 1406 2483 inconsiderate

245 2496 283 2560 36.
303 2502 464 2549 corvinum.
497 2501 544 2551 See
555 2517 588 2550 on
602 2504 640 2551 12.
652 2501 684 2551 ad
696 2501 738 2551 fin.
832 2503 950 2552 locutum.

243 2579 302 2613 non
323 2568 488 2622 peripsum
507 2572 587 2616 stetit
605 2583 661 2625 quo
680 2572 783 2616 minus.

211 2630 259 2694 Cp.
271 2629 334 2704 Livy
345 2630 378 2680 vi.
391 2645 429 2693 33,
446 2647 458 2680 2
476 2631 537 2680 nihil
550 2649 594 2697 per
605 2633 697 2681 alteros
709 2640 782 2693 stare,

211 2711 262 2759 quo
284 2710 365 2745 minus
387 2697 485 2761 incepta
508 2707 721 2762 persequerentur:
750 2700 783 2747 ix.

214 2774 300 2822 14,1:
329 2761 393 2810 Plin.
418 2763 466 2827 Ep.
485 2764 517 2812 vi.
538 2778 578 2827 34,
601 2779 616 2825 3
643 2765 711 2828 quod
733 2780 784 2829 quo

211 2827 293 2875 minus
304 2827 438 2888 exhiberes,
450 2845 500 2877 uon
512 2838 591 2893 perte
603 2832 677 2879 stetit.

245 2905 284 2954 37.
302 2895 440 2942 laetitiam
451 2898 636 2952 nitoremque.
670 2894 752 2944 There
763 2895 785 2942 is

212 2974 228 3006 a
239 2957 333 3006 similar
341 2958 490 3007 collocation
499 2961 527 3008 ol
536 2962 615 3009 lactus
625 2961 675 3009 and
686 2960 784 3009 niardus

212 3022 358 3086 asepithets
370 3023 399 3071 os
407 3024 570 3087 styleinCic.
583 3027 614 3074 de
625 3025 668 3075 Or.
683 3039 694 3073 1
711 3027 783 3084 581:

212 3104 250 3146 co.
263 3090 305 3137 Or.
320 3088 381 3149 §3⁶-
416 3089 467 3138 For
481 3091 580 3139 laetitia
592 3090 785 3156 (‘floweriness,'

212 3154 371 3202 ‘luxuriance
379 3156 397 3215 ’)
410 3171 450 3204 see
462 3171 493 3203 on
505 3158 544 3204 20.
557 3170 581 3219 9.

245 3220 285 3277 38.
301 3234 393 3275 quam.
427 3219 470 3268 Tr.
483 3223 489 3246 ‘
500 3221 557 3269 how
565 3221 738 3286 inadequately
746 3221 785 3270 his

212 3283 307 3331 critical
324 3283 418 3347 faculty
429 3301 481 3333 was
497 3287 634 3349 supported
651 3288 683 3350 by
697 3288 783 3351 imagi·

212 3350 295 3396 native
315 3364 343 3396 or
360 3351 464 3398 creative
482 3350 586 3414 ability.’
620 3351 655 3399 So
673 3353 784 3400 ‘viribus

212 3411 309 3461 minor’
326 3414 411 3476 Quint.
424 3432 447 3462 x.
462 3428 483 3477 1,
500 3428 546 3477 113
567 3417 670 3480 (quoted
690 3433 722 3465 on
744 3419 783 3466 18.

215 3477 268 3542 ιι),
292 3479 338 3542 Cp.
347 3480 435 3539 above,
443 3480 549 3529 Calvum
560 3482 707 3531 intellexisse
716 3483 784 3546 quod

212 3543 301 3592 melius
317 3551 387 3604 esset,
404 3560 449 3594 nec
465 3546 617 3596 voluntatem
633 3548 656 3596 ei
675 3583 681 3596 .
697 3585 722 3597 ..
740 3549 784 3596 sed

211 3608 344 3738 isplgquplrp}
353 3611 603 3740 lucadelorescplefdidsede
614 3613 687 3726 Oleli
697 3629 783 3736 qpqu

212 3739 270 3787 vide
281 3754 355 3802 quam
362 3740 419 3800 sim,
426 3741 513 3804 inquit,
523 3741 583 3791 deus
592 3744 617 3791 in
624 3744 672 3792 isto
681 3759 784 3806 genere:

211 3805 248 3853 iii.
270 3808 283 3863 ἱ
304 3817 333 3864 51
358 3807 427 3869 atqui
450 3807 526 3866 vides,
547 3809 628 3873 inquit
650 3808 784 3869 Antonius,

212 3885 287 3934 quam
299 3870 362 3918 alias
371 3886 409 3919 res
421 3887 531 3934 agamus.

244 3938 352 3985 iudicio
364 3937 385 3984 is
393 3937 450 3986 here
460 3940 560 4001 ‘power
568 3938 598 3986 of
604 3938 784 3998 discemment,‘

212 4000 297 4049 rather
309 4001 369 4050 than
383 4001 475 4052 ‘taste’
488 4006 522 4064 (1.
535 4017 558 4066 9,
572 4007 612 4052 22.
624 4005 661 4067 4).

153 4076 156 4137 ζ
245 4069 289 4115 22.
308 4079 329 4114 1.
347 4082 441 4124 pugna
456 4083 521 4117 cum
536 4073 701 4127 aequalibus
718 4074 785 4119 suia.

211 4129 294 4179 These
301 4147 364 4180 were
373 4132 414 4182 the
423 4134 677 4195 Atticum-Calvus,
688 4137 785 4196 Brutus,

213 4195 324 4256 Caelius,
335 4197 384 4245 and
404 4199 445 4247 the
462 4207 513 4248 two
533 4201 629 4250 Asinii:
652 4217 691 4265 cp.
704 4217 737 4250 on
747 4201 785 4250 ob·

212 4267 351 4310 tractatores
363 4264 402 4313 18.
416 4277 463 4328 19:
488 4266 572 4328 Quint
586 4268 628 4316 xii.
643 4281 681 4327 10,
694 4271 723 4325 §§
738 4280 786 4314 12-

216 4338 254 4388 14.
297 4327 327 4375 In
349 4327 470 4379 Tacitus’s
492 4347 549 4380 own
576 4332 635 4395 day,
655 4350 671 4381 a
693 4331 785 4381 certain

865 2582 888 2628 4.
905 2570 1033 2615 eiusdem
1054 2569 1154 2616 aetatis
1177 2570 1310 2614 oratum.
1351 2562 1407 2612 The

833 2633 914 2696 origin
937 2633 967 2680 oi
984 2631 1027 2681 the
1049 2633 1144 2680 variant
1169 2634 1292 2679 ‘oratores
1319 2629 1407 2678 aetatis

833 2696 956 2747 eiusdem’
979 2697 1101 2761 (adopted
1120 2697 1154 2760 by
1174 2696 1264 2756 Halm)
1281 2710 1361 2744 seems
1377 2701 1407 2742 to

833 2764 896 2812 have
913 2764 976 2812 been
992 2763 1046 2813 that
1058 2763 1153 2826 (owing
1170 2770 1197 2810 to
1212 2777 1228 2809 a
1238 2760 1369 2823 similarity
1380 2761 1407 2808 in

834 2829 876 2878 the
892 2828 1049 2892 compendia)
1062 2827 1140 2876 either
1153 2827 1242 2876 aetatis
1257 2843 1286 2875 or
1299 2832 1407 2874 oratores

833 2910 885 2943 was
896 2893 1000 2943 omitted
1015 2893 1079 2942 from
1090 2893 1132 2941 the
1144 2900 1196 2942 text
1210 2892 1260 2940 aud
1272 2892 1368 2939 written
1380 2891 1407 2938 in

834 2961 913 3008 above
929 2960 971 3008 the
988 2959 1046 3008 line.
1080 2958 1160 3007 These
1176 2965 1228 3006 two
1242 2958 1324 3005 words
1340 2963 1407 3004 must

834 3024 897 3073 have
908 3024 982 3073 stood
993 3032 1049 3073 next
1057 3024 1119 3073 each
1128 3024 1199 3072 other
1208 3023 1232 3071 in
1242 3022 1285 3071 the
1291 3021 1406 3084 original.

834 3090 861 3138 Il
868 3097 974 3139 mataras
982 3090 1081 3154 slipped
1089 3096 1139 3147 out,
1148 3090 1196 3137 and
1203 3103 1255 3136 was
1264 3086 1408 3136 afterwards

834 3155 946 3213 inserted,
955 3171 992 3204 we
1004 3155 1094 3204 should
1105 3155 1168 3203 have
1178 3154 1228 3202 had
1239 3153 1317 3202 either
1328 3153 1406 3200 ‘eius-

834 3222 891 3270 dem
900 3221 988 3269 aetatis
997 3219 1119 3269 oratores’
1130 3235 1158 3268 or
1167 3221 1290 3268 ‘oratores
1296 3217 1407 3266 eiusdem

834 3287 922 3336 aetatis
930 3285 951 3336 ':
969 3285 1096 3346 uastatis,
1108 3284 1167 3333 then
1180 3284 1306 3334 ‘eiusdem
1318 3283 1407 3331 aetatis

834 3349 960 3400 oratores!
994 3349 1407 3412 MoreoverGudemanpointsout

834 3418 889 3466 that
916 3421 974 3466 ‘out
1001 3416 1030 3464 oi
1054 3416 1138 3479 nearly
1162 3429 1210 3477 500
1232 3414 1359 3477 examples
1380 3415 1407 3462 in

833 3482 937 3532 Tacitus
951 3483 980 3531 oi
994 3499 1025 3531 an
1042 3481 1183 3531 attributive
1200 3496 1243 3528 use
1259 3479 1288 3527 os
1301 3479 1366 3527 rilem
1378 3495 1408 3527 or

833 3549 865 3597 its
883 3547 997 3597 inflected
1016 3548 1099 3606 forms,
1112 3547 1132 3596 it
1148 3548 1170 3594 is
1187 3545 1277 3610 placed
1296 3545 1359 3593 aiter
1374 3545 1407 3593 its

832 3630 899 3663 noun
910 3615 935 3661 in
947 3614 1050 3678 butfive
1061 3627 1185 3676 passages,
1198 3611 1246 3659 and
1262 3609 1330 3659 these
1346 3610 1407 3673 only

832 3681 858 3728 in
869 3679 908 3728 his
919 3680 993 3727 latest
1001 3678 1077 3726 work.
1111 3678 1158 3741 Cp.
1168 3678 1234 3724 Anu.
1244 3676 1270 3724 ii.
1282 3690 1320 3737 14,
1333 3689 1343 3723 1
1357 3690 1408 3723 nox

833 3745 934 3793 eadem:
952 3744 1000 3792 xiv.
1015 3758 1040 3807 9,
1053 3759 1067 3805 3
1079 3742 1259 3792 nocteeadem:
1276 3741 1328 3788 xiii.
1343 3750 1404 3803 17,1

833 3825 884 3859 nox
900 3809 986 3858 eadem
1002 3825 1102 3858 necem:
1120 3809 1155 3856 iii.
1167 3806 1208 3871 69,
1223 3808 1405 3869 21viroquon·

834 3876 893 3924 dam
902 3874 995 3923 ordinis
1004 3875 1114 3923 eiusdem
1124 3891 1130 3922 ε
1148 3873 1180 3922 vi.
1190 3887 1229 3934 32,
1239 3884 1268 3919 12
1278 3872 1407 3919 Tiridaten

834 3935 1231 4004 sanguiniseiusdemaemulum!
1264 3937 1407 4000 Again,‘iu

834 4007 938 4055 Tacitus
953 4005 1061 4054 ciusdem
1075 4004 1136 4052 with
1153 4005 1186 4053 its
1202 4003 1353 4052 substantive
1369 4003 1407 4050 in-

833 4070 946 4133 variably
962 4071 1078 4134 precedes
1093 4070 1135 4119 the
1154 4085 1221 4118 noun
1240 4083 1308 4132 upon
1324 4066 1407 4116 which

834 4138 855 4185 it
871 4136 988 4223 depeuds,
1008 4143 1094 4200 except
1110 4136 1174 4183 Anu.
1189 4135 1225 4183 iii.
1242 4135 1282 4197 69,
1297 4146 1325 4181 ιι
1341 4132 1408 4182 cited

834 4203 920 4252 above.

867 4270 984 4326 iudicio,
1000 4263 1093 4315 ‘laste'
1127 4264 1161 4314 So
1173 4273 1198 4314 at
1211 4267 1233 4315 l.
1244 4279 1269 4327 9,
1280 4266 1320 4313 20.
1334 4276 1372 4312 20.

868 4347 890 4394 5.
907 4337 1032 4382 excoluit
1044 4333 1206 4389 orationem,
1221 4334 1298 4393 ‘gave
1310 4328 1407 4378 afinish

213 4390 318 4454 Largius
336 4392 437 4443 Licinus
458 4397 573 4459 repeated
592 4398 633 4447 the
655 4397 785 4448 criticisms
834 4405 862 4448 to
872 4397 950 4461 style’
973 4398 1020 4462 Cp.
1032 4397 1128 4446 theuse
1139 4396 1169 4444 ol
1176 4391 1407 4458 cultusa‘polish!

212 4455 243 4504 of
261 4456 363 4506 Asinius
385 4458 475 4510 Gallus
498 4461 525 4510 iu
547 4477 563 4511 a
584 4463 655 4513 work
681 4462 786 4512 entitled
865 4467 977 4514 verbis.
992 4464 1235 4519 ..compositione
1260 4462 1307 4524 Cp.
1318 4461 1407 4524 2147.
