3046 5032
396 357 631 420 ornaooos
652 358 720 419 on
742 358 1045 422 onirorrrous.
1184 438 1185 442 .
1279 359 1320 442 ⁶9

120 527 253 610 gravior
282 528 411 606 Brutus,
441 529 666 594 vehementior
695 539 729 595 et
758 530 886 612 plenior
923 541 957 595 et
986 529 1150 595 valentior
1181 530 1319 597 Cicero:

124 661 241 704 omnes
263 651 376 705 tamen
400 643 539 706 eandem
562 641 741 706 sanitatem
764 640 973 724 eloquentiae
988 653 1071 724 prae
1086 664 1120 707 se
1142 641 1258 722 ferunt,
1274 655 1321 719 ut,
1336 671 1367 706 20

122 752 149 814 si
165 753 311 817 omnium
335 754 458 837 pariter
477 753 577 818 libros
596 755 629 816 in
648 774 783 818 manum
806 755 993 837 sumpseris,
1008 756 1094 820 scias
1114 756 1265 838 quamvis
1288 757 1321 820 in

121 864 259 928 diversis
276 865 415 946 ingeniis
430 885 502 929 esse
516 867 684 946 quandam
701 866 811 930 iudicii
827 887 865 931 ac
876 865 1057 931 voluntatis
1072 868 1321 933 similitudinem

122 988 156 1041 et
168 978 410 1060 cognationem.
442 977 531 1040 Nam
541 978 632 1059 quod
649 977 789 1041 invicem
801 997 837 1041 se
849 977 1116 1044 obtrectaverunt
1127 990 1160 1043 et
1173 991 1249 1044 sunt
1261 980 1320 1043 ali-

123 1110 190 1172 qua
200 1088 347 1172 epistulis
360 1110 472 1153 eorum
484 1091 615 1168 inserta,
628 1111 672 1154 ex
684 1090 805 1172 quibus
816 1099 931 1154 mutua
941 1091 1131 1174 malignitas
1142 1094 1320 1175 detegitur,

124 1223 190 1265 non
214 1212 264 1267 est
287 1211 457 1267 oratorum
480 1202 606 1278 vitium,
624 1203 683 1265 sed
705 1201 890 1267 hominum.
953 1203 1041 1266 Nam
1067 1214 1101 1267 et
1123 1204 1263 1269 Calvum
1287 1216 1321 1270 et
1337 1224 1365 1273 ²5

123 1314 278 1378 Asinium
306 1324 339 1378 et
369 1315 479 1397 ipsum
513 1314 706 1379 Ciceronem
736 1314 836 1378 credo
865 1314 980 1378 solitos
1013 1336 1079 1380 esse
1111 1317 1256 1381 invidere
1288 1326 1321 1380 et

123 1427 223 1490 livere
235 1437 269 1491 et
280 1427 396 1491 ceteris
408 1427 574 1491 humanae
590 1425 791 1490 infirmitatis
801 1427 890 1492 vitiis
901 1426 1021 1492 adfici:
1044 1428 1152 1492 solum
1166 1429 1252 1493 inter
1260 1429 1322 1492 hos

123 1539 264 1602 arbitror
287 1539 424 1602 Brutum
448 1559 514 1601 non
537 1538 746 1621 malignitate
767 1559 826 1603 nec
847 1539 980 1618 invidia,
994 1540 1053 1603 sed
1075 1539 1268 1623 simpliciter
1289 1549 1323 1602 et

124 1651 265 1733 ingenue
281 1650 439 1715 iudicium
455 1650 556 1713 animi
571 1651 621 1713 sui
636 1650 814 1715 detexisse.
849 1651 907 1714 An
923 1650 978 1715 ille
991 1650 1139 1716 Ciceroni
1151 1634 1335 1727 invideret,

122 1764 179 1845 qui
196 1763 276 1827 mihi
290 1765 471 1828 videturne
488 1760 620 1827 Caesari
633 1763 767 1845 quidem
783 1763 961 1827 invidisse?
999 1760 1099 1845 Quod
1109 1767 1152 1827 ad
1169 1763 1320 1828 Servium
1336 1777 1372 1824 30*

124 1875 267 1940 Galbam
295 1886 329 1939 et
357 1874 394 1940 C.
423 1873 573 1938 Laelium
603 1874 730 1953 attinet,
757 1884 792 1938 et
822 1875 849 1939 si
876 1895 961 1956 quos
990 1875 1072 1938 alios
1101 1875 1322 1958 antiquiorum

123 1990 251 2072 agitare
273 2011 339 2053 non
365 1988 502 2067 destitit,
525 2008 591 2053 non
617 1988 724 2070 exigit
750 1987 965 2067 defensorem,
990 2008 1065 2052 cum
1092 1988 1198 2053 fatear
1223 2009 1324 2072 quae·

158 2173 195 2210 ao.
213 2159 346 2207 sanitatem
364 2158 505 2219 Rhenanus,
517 2157 673 2206 snmtitatem
690 2157 762 2207 codd.
793 2165 892 2222 praesc
899 2157 995 2221 ferunt
1006 2156 1142 2218 Andreseu,
1163 2163 1241 2207 crunt
1251 2158 1323 2207 EHb

123 2232 214 2275 serunt
230 2224 334 2284 ABCD,
347 2223 501 2288 praefirunt
519 2223 657 2272 Acidalius.

792 2237 829 2272 21.
847 2224 910 2271 scias
922 2223 951 2282 B,
969 2223 1046 2271 sciam
1066 2223 1138 2272 ABD
1162 2239 1232 2285 ,om
1251 2223 1323 2288 HSp.

125 2304 163 2351 23.
182 2290 349 2353 cognationem
372 2289 514 2344 Beroaldus,
538 2289 708 2352 cogitationem
728 2288 801 2338 codd.
836 2288 881 2351 [se]
904 2289 1054 2352 Nipperdey,
1080 2288 1168 2350 Halm,
1188 2289 1323 2339 Andresen.

126 2357 163 2405 26.
181 2357 316 2404 solitoscssc
327 2357 349 2404 is
357 2370 399 2418 my
408 2354 480 2417 conj„
493 2354 576 2402 solitos
585 2361 609 2402 et
619 2354 692 2405 codd.
713 2354 856 2417 Nipperdey
865 2352 951 2416 rejects
960 2360 983 2403 et
991 2355 1111 2413 a'nvia'ere,
1122 2354 1170 2402 and
1182 2370 1210 2403 so
1220 2355 1321 2404 Halm:

124 2422 206 2470 others
217 2422 279 2470 omit
290 2426 321 2469 et.
414 2430 452 2482 27.
470 2419 647 2468 livoreRitter.
737 2419 777 2467 28.
795 2421 909 2468 Brutum
920 2420 984 2479 Put,
997 2426 1085 2467 utrum
1097 2419 1182 2481 ACH,
1192 2436 1282 2470 uerum
1294 2421 1323 2468 B.

126 2500 164 2550 ²9·
182 2486 307 2536 invideret
320 2484 434 2535 Ciceroni
445 2484 497 2533 HV
508 2485 552 2549 Sp.
626 2498 665 2546 32.
682 2485 779 2549 agitare
791 2485 871 2544 codd,
885 2487 955 2547 Aper
964 2485 1061 2548 agitare
1072 2486 1098 2533 P.
1111 2484 1182 2535 Voss.

159 2649 196 2700 19.
223 2636 336 2692 marion
363 2636 477 2682 Brutus.
529 2633 576 2698 Cp.
611 2633 697 2695 Quint.

124 2702 166 2750 nii.
186 2714 224 2761 ro,
245 2713 273 2748 11
291 2700 437 2763 gravitatem
454 2698 539 2747 Bruti:
566 2715 588 2748 x.
608 2712 631 2754 1,
651 2712 697 2760 1²3

125 2769 215 2816 Brutus
233 2765 328 2815 suffecit
345 2764 449 2828 ponderi
469 2780 556 2813 rerum.
598 2763 644 2813 Sec
665 2781 696 2813 on

158 2848 196 2947 ad.
213 2899 373 2945 sanitatem.
414 2895 462 2959 Cp.
480 2894 532 2944 Cic.
553 2895 619 2944 Brut.
639 2899 694 2958 §51

123 2963 195 3011 illam
217 2961 387 3011 salubritatem
410 2962 511 3009 Atticae
536 2960 652 3009 dictionis
674 2966 698 3009 et

124 3029 193 3093 quasi
211 3027 357 3078 sanitatem:
382 3026 414 3076 de
432 3026 491 3090 Opt
512 3026 575 3075 Gen.
593 3026 636 3074 Or.
656 3026 697 3084 §8

123 3095 248 3143 imitemur
265 3129 271 3142 .
288 3128 295 3142 .
313 3128 320 3141 .
336 3107 380 3142 eos
396 3093 479 3156 potius
498 3090 540 3155 qui
557 3090 699 3155 incorrupta

123 3160 228 3208 sanitate
253 3164 317 3219 sunt,
355 3157 405 3206 uod
425 3164 461 3206 est
484 3157 615 3221 proprium
632 3157 697 3206 Atti·

124 3240 217 3273 corum.
251 3223 286 3271 So
297 3173 500 3284 tathinoreek.

159 3304 197 3338 22.
215 3291 316 3337 iudicii
328 3303 360 3337 ao
371 3291 539 3347 voluntatis,
556 3289 633 3336 ‘toste
648 3286 699 3335 and

124 3354 293 3469 syppatbiea'
317 3353 353 3467 {q
363 3354 416 3466 Cip.
428 3354 459 3402 de
468 3353 510 3401 Or.
522 3352 546 3402 ii.
561 3357 621 3417 594.
648 3353 700 3401 For

124 3437 134 3469 2
171 3435 309 3478 icaunae.
356 3455 362 3467 .
408 3456 415 3468 .

158 3499 195 3547 23.
214 3432 392 3542 Nampquod.
438 3482 500 3532 This
521 3498 565 3533 use
588 3482 617 3531 of
635 3482 703 3547 quod

125 3551 183 3615 <‘'as
193 3549 294 3613 regards
309 3549 352 3598 the
366 3549 417 3599 fact
431 3549 486 3598 that
493 3547 519 3612 ')‚
537 3564 566 3597 so
582 3564 698 3597 common

124 3618 149 3664 in
160 3616 248 3665 Cicero
259 3615 308 3664 and
323 3616 422 3675 Caesar,
440 3615 461 3663 is
477 3613 530 3663 said
546 3621 573 3662 to
589 3628 663 3664 occur
673 3615 698 3662 in

124 3683 226 3731 Tacitus
243 3681 302 3742 only
319 3681 383 3729 here.
426 3680 477 3728 For
496 3679 601 3728 invicem
619 3694 644 3728 so
660 3679 698 3727 ob-

123 3752 299 3806 trectaverunt,
317 3761 356 3810 cp.
373 3745 457 3808 Agric.
469 3745 501 3794 vi.
516 3760 534 3808 4
552 3744 656 3794 invicem
673 3760 699 3794 se

122 3811 303 3874 anteponendo.

158 3878 198 3926 28.
221 3891 281 3925 non
302 3878 479 3934 malignitate
506 3889 559 3924 nac
581 3877 698 3924 invidia.

124 3944 172 4007 Cp.
184 3945 225 3992 23.
239 3956 269 4005 23
287 3941 428 4005 malignitas
444 3946 469 3990 et
484 3939 594 3990 invidia:
612 3940 696 4003 Agric.

125 4009 167 4057 xli.
179 4017 208 4072 17
217 4007 374 4070 malignitate
384 4014 408 4056 et
417 4006 509 4056 livore:
529 4005 598 4056 Hist.
607 4006 623 4054 i.
635 4019 656 4064 1,
668 4017 695 4052 11

124 4073 272 4123 obtrectatio
290 4079 315 4121 et
335 4070 407 4121 livor.
448 4071 530 4120 There
547 4070 569 4118 is
588 4087 604 4119 a
620 4070 699 4136 slight

124 4155 227 4203 zeugma
256 4139 368 4186 between
398 4136 467 4186 these
499 4135 620 4186 ablatives
649 4135 699 4185 and

123 4205 248 4253 detexisse.

159 4282 198 4334 29.
216 4270 355 4318 iudicium
372 4269 462 4316 animi
479 4269 533 4326 uui,
550 4267 604 4316 ‘his
620 4266 699 4317 inner-

125 4344 191 4384 most
199 4330 375 4384 convictions’:
388 4349 426 4397 cp.
436 4333 476 4386 27.
484 4333 515 4382 ad
522 4332 570 4390 fin,
580 4332 699 4382 iudicium

125 4399 216 4449 animi:
237 4399 291 4449 Cic.
303 4397 334 4448 de
346 4398 389 4448 Or.
404 4398 451 4460 363
468 4397 565 4462 gaudeo
581 4397 700 4446 iudicium

126 4465 202 4514 animi
230 4464 279 4513 mei
306 4464 469 4527 comprobari.
519 4462 570 4512 For
591 4459 700 4512 Brutus's

748 2633 870 2696 sincerity,
888 2648 928 2697 cp.
947 2631 1033 2695 Quint.
1048 2649 1072 2680 x.
1087 2647 1107 2690 1,
1123 2646 1168 2695 ¹²3
1186 2634 1250 2682 scias
1267 2649 1323 2682 eum

748 2699 837 2748 sentire
853 2714 916 2763 quae
933 2697 1011 2746 dicit:
1027 2698 1082 2746 also
1100 2697 1210 2748 Caesar’s
1227 2700 1323 2747 remark

748 2765 826 2813 about
836 2763 888 2812 him
903 2763 966 2826 (Cic.
978 2764 1009 2810 ad
1021 2763 1074 2812 An.
1088 2764 1136 2812 xiv.
1152 2777 1173 2823 1,
1185 2765 1210 2822 2)
1224 2765 1323 2827 ‘magni

748 2830 821 2878 refert
839 2829 880 2879 hic
899 2829 958 2892 quid
978 2827 1045 2890 velit,
1065 2829 1109 2878 sed
1131 2829 1248 2893 quicquid
1271 2830 1323 2878 vult

747 2895 820 2944 valde
830 2892 898 2943 vult?

783 2974 821 3024 29.
838 2963 885 3007 An
897 2995 903 3008 .
917 2995 923 3008 .
936 2995 942 3008 .
955 2961 1105 3018 inviderat,
1131 2959 1215 3022 ‘Why
1233 2959 1324 3007 should

748 3025 780 3075 he
796 3025 859 3074 have
876 3024 937 3073 been
951 3023 1048 3086 jealous
1065 3025 1093 3073 of
1098 3022 1123 3073 ‘a
1148 3039 1186 3088 cp.
1204 3025 1321 3082 crederes,

748 3091 851 3149 videres,
875 3089 956 3152 Roby,
981 3094 1079 3152 §1544
1124 3088 1158 3138 So
1184 3090 1255 3154 ‘Ego
1277 3089 1323 3139 tihi

748 3156 878 3206 irascererl
889 3152 896 3176 '
907 3154 960 3204 Cic.
973 3155 1004 3203 ad
1017 3155 1065 3217 Qu.
1079 3156 1119 3203 Fr.
1130 3155 1146 3205 i.
1159 3169 1182 3217 3,
1197 3167 1217 3204 1.

783 3236 821 3284 30.
840 3223 924 3278 Quod
939 3223 976 3269 ad
989 3257 994 3269 .
1009 3257 1033 3270 ..
1048 3225 1160 3270 attinet.
1193 3219 1256 3269 This
1275 3220 1324 3269 for·

749 3287 818 3335 mula
835 3287 856 3335 is
873 3284 949 3334 found
966 3286 992 3334 in
1006 3286 1108 3335 Tacitus
1119 3287 1179 3348 only
1190 3284 1255 3347 here,
1274 3287 1322 3335 aud

748 3353 773 3400 in
795 3352 879 3416 Agric.
897 3351 980 3400 xxxiii.
1000 3366 1038 3413 23.
1079 3352 1108 3400 In
1126 3351 1263 3415 Quintilian
1280 3351 1323 3400 the

749 3417 923 3481 interrogative
940 3417 1004 3465 form
1021 3417 1091 3481 (quid
1103 3419 1190 3466 attinet
1198 3417 1218 3479 i)
1233 3418 1254 3466 is
1265 3432 1323 3479 very

749 3498 879 3542 common;
897 3482 950 3531 also
960 3483 1002 3531 the
1010 3483 1124 3546 negative
1133 3482 1207 3543 (nihil
1216 3483 1323 3543 attinet),

748 3548 830 3661 yyhich
848 3562 933 3598 occurs
950 3563 1011 3597 once
1027 3549 1052 3596 in
1070 3548 1172 3598 Tacitus
1189 3549 1265 3611 (Anu.
1280 3549 1322 3596 xii.

766 3628 790 3672 o,
806 3615 854 3675 18).

784 3682 914 3728 Bormum
943 3681 1069 3729 Galbam.
1113 3677 1159 3728 See
1181 3693 1214 3726 on
1238 3681 1276 3728 18.
1299 3693 1323 3740 3,

749 3744 831 3793 where
842 3743 906 3792 heis
917 3744 1007 3793 named
1017 3744 1093 3807 along
1103 3744 1164 3793 with
1176 3744 1269 3800 Carbo,
1280 3752 1324 3792 not

750 3810 856 3859 Laelius.
891 3810 942 3858 For
960 3809 1002 3857 the
1019 3809 1152 3873 eloqueuce
1171 3808 1200 3857 of
1216 3808 1324 3868 Laelius,

751 3891 789 3939 cp.
814 3875 867 3924 Cic.
891 3874 957 3924 Brut
983 3875 1045 3937 §83
1063 3890 1115 3938 sqq.
1138 3874 1218 3922 multo
1240 3882 1323 3923 tamen

749 3941 868 3989 vetustior
879 3948 903 3989 et
914 3938 1035 3988 horridior
1045 3939 1088 3988 ille
1097 3955 1172 4003 quarn
1183 3938 1269 4003 Scipio
1281 3974 1303 3987 ..
1317 3975 1323 3986 .

749 4004 866 4055 delectari
884 4005 945 4053 mihi
964 4005 1045 4066 magis
1063 4004 1209 4067 antiquitate
1228 4003 1324 4053 videtur

749 4077 773 4119 et
790 4071 895 4120 libenter
910 4069 990 4118 verbis
1006 4069 1082 4119 etiam
1098 4072 1134 4117 uti
1151 4069 1227 4132 paulo
1244 4070 1324 4132 magis

748 4136 835 4201 priscis
845 4134 953 4184 Laelius.

783 4214 822 4261 32.
839 4202 938 4257 exigit.
971 4198 1027 4248 The
1048 4197 1140 4261 subject
1158 4198 1179 4246 is
1200 4198 1324 4264 probably

749 4266 840 4315 theid
856 4264 909 4315 that
928 4272 992 4313 must
1015 4265 1047 4312 be
1068 4263 1184 4328 supplied
1204 4263 1263 4313 with
1280 4264 1323 4312 the

750 4331 852 4380 relative
868 4329 951 4379 clause
967 4329 1050 4394 quod.
1062 4365 1068 4376 .
1081 4366 1087 4378 .
1099 4329 1197 4391 attinet.
1229 4328 1323 4377 Novak

750 4396 822 4446 reads
843 4395 964 4458 exigunt:
995 4409 1033 4459 cp.
1054 4395 1094 4443 24.
1118 4403 1132 4456 7
1156 4409 1234 4458 neque
1256 4395 1321 4444 enim

750 4461 902 4512 defensorem
913 4460 1070 4526 antiquorum
1079 4459 1209 4522 exigimus.
