3046 5032
333 320 335 325 ⁵
396 365 633 428 orrtoous
653 366 723 427 111
743 363 1045 427 onrroxrrus.
1277 358 1316 422 61

124 537 355 618 compositioni
370 546 484 614 artem,
499 536 590 602 locos
605 557 737 621 quoque
752 535 905 600 laetiores
921 533 1098 599 attentavit
1110 542 1143 599 et
1158 533 1320 616 quasdam

124 650 305 713 sententias
327 650 460 726 invenit,
483 647 597 732 utique
619 649 653 713 in
676 651 715 713 iis
737 649 942 713 orationibus
966 667 1049 729 quas
1071 646 1181 710 senior
1200 646 1265 709 iam
1287 654 1322 710 et

125 761 220 825 iuxta
241 760 341 825 finem
356 763 446 826 vitae
466 761 663 844 composuit,
678 760 713 825 id
735 771 794 835 est,
811 770 989 843 postquam
1009 759 1115 842 magis
1136 757 1322 841 profecerat

125 893 253 954 usuque
271 882 303 936 et
324 874 560 956 experimentis
582 874 742 937 didicerat
765 873 854 954 quod
875 871 1193 955 optimumdicendi
1217 888 1322 952 genus

124 993 220 1047 esset.
266 985 354 1048 Nam
369 986 494 1067 priores
509 985 577 1047 eius
592 985 759 1048 orationes
774 1005 841 1046 non
858 993 970 1048 carent
986 983 1075 1047 vitiis
1095 981 1322 1065 antiquitatis:
1338 995 1379 1038 ιο·

126 1095 234 1158 lentus
259 1106 309 1159 est
334 1096 367 1159 in
396 1097 572 1178 principiiS,
598 1095 716 1179 longus
743 1097 775 1159 in
806 1096 1056 1169 narrationibus
1082 1093 1207 1157 otiosus
1237 1092 1324 1156 circa

126 1227 302 1285 excessus;
326 1208 420 1271 tarde
438 1217 676 1285 commovetur,
691 1226 764 1270 raro
788 1207 978 1285 incalescit;
1000 1205 1097 1289 pauci
1115 1225 1228 1270 sensus
1244 1215 1324 1288 apte

126 1328 161 1382 et
190 1339 266 1383 cum
295 1320 441 1399 quodam
470 1318 595 1384 lumine
624 1319 850 1383 terminantur.
899 1316 992 1381 Nihil
1023 1338 1210 1400 excerpere,
1240 1315 1321 1379 nihil

160 1477 183 1524 5.
200 1463 316 1511 dilectum
330 1463 415 1512 Halm.

126 1529 200 1578 codd.
212 1536 299 1592 except
311 1529 340 1578 E.

533 1474 554 1526 7.
573 1463 657 1512 senior
667 1463 719 1511 iam
732 1463 897 1523 EV2CADH‚
910 1462 962 1510 iam
973 1463 1057 1510 semer
1065 1461 1117 1509 ΑΒ.

481 1542 518 1578 11.
535 1535 590 1593 apte
600 1536 624 1577 et
635 1528 772 1587 Acidalius‚
783 1535 830 1591 opt.
842 1534 866 1576 et
877 1528 937 1589 ΑΗ,
950 1535 990 1592 opt
1008 1563 1014 1575 .
1032 1563 1038 1577 .
1057 1562 1063 1575 .
1081 1532 1105 1575 et
1118 1527 1145 1585 B,
1158 1532 1222 1590 optet
1232 1525 1263 1586 C,
1274 1526 1326 1590 opti

1236 1473 1273 1508 10.
1290 1466 1326 1509 est

126 1600 149 1642 et
161 1595 193 1655 D,
207 1600 261 1658 apte
271 1593 365 1643 cadunt
374 1600 398 1642 et
408 1595 548 1655 Michaelis,
559 1601 614 1658 apte
624 1601 649 1643 et
659 1601 689 1643 ut
698 1601 789 1658 oportet
800 1593 904 1644 Vahlen.

128 1719 179 1767 For
198 1717 323 1776 delectum,
336 1721 365 1768 ‘a
383 1719 507 1783 principle
524 1718 553 1766 os
566 1716 702 1779 selection,'

128 1800 166 1849 cp.
183 1785 235 1833 Cic.
248 1786 314 1833 Brut.
335 1789 347 1843 5
362 1798 407 1846 253
428 1786 556 1833 verborum
577 1784 701 1834 delectum

127 1851 249 1913 originem
269 1864 322 1898 esse
344 1849 508 1914 eloquentiae.
542 1849 624 1898 There
644 1866 702 1914 may

127 1916 158 1964 be
181 1931 196 1963 a
218 1915 328 1977 military
350 1915 428 1978 figure
456 1914 572 1964 involved
593 1916 619 1964 in
642 1916 702 1965 such

128 1981 229 2045 phrases
248 1996 275 2029 as
295 1981 348 2030 Cic.
366 1981 396 2029 de
413 1981 455 2031 Or.
470 1981 506 2028 iii.
520 1985 532 2039 5
549 1993 595 2042 150
611 1981 636 2029 in
653 1982 702 2030 hoc

128 2048 259 2095 verborum
276 2061 364 2110 genere
379 2047 534 2110 propriorum
551 2045 654 2095 dilectus
665 2054 702 2095 est

128 2111 270 2160 habendus:
296 2111 381 2173 Quint.
398 2128 421 2160 x.
440 2127 489 2173 3,5
511 2111 616 2160 dilectus
635 2113 702 2160 enim

129 2193 208 2225 rerum
229 2176 407 2241 verbommque
425 2177 535 2241 agendus
555 2184 591 2226 est
612 2177 703 2240 (where

129 2244 232 2290 dilectus
243 2242 263 2290 is
275 2242 397 2305 probably
407 2241 494 2306 right).

163 2307 185 2354 6.
203 2311 280 2356 locos
293 2342 298 2354 .
311 2346 317 2357 .
331 2343 336 2355 .
348 2310 487 2367 laetiores,
498 2307 610 2361 ‘ornate'
620 2308 701 2356 ‘flow-

129 2389 172 2436 ery
181 2371 187 2394 ’
196 2388 319 2436 passages.
342 2373 403 2422 Loci
412 2373 460 2438 (cp.
470 2382 528 2423 note
536 2391 567 2424 on
580 2378 617 2424 19.
631 2374 671 2436 15)
682 2374 704 2422 is

129 2439 189 2487 used
206 2438 266 2486 with
284 2454 299 2485 a
316 2439 436 2487 reference
451 2447 478 2488 to
494 2440 542 2489 loci
556 2454 703 2496 communes,

130 2504 287 2618 stitit
295 2503 703 2620 ttettltittfftltttl

131 2632 222 2683 tracts.’
256 2634 302 2698 Cp.
316 2634 401 2698 Quint.
413 2636 446 2682 xi.
459 2648 480 2691 1,
493 2650 525 2698 34
541 2611 704 2685 illablaetiora

130 2700 214 2762 qualia
223 2717 238 2748 a
247 2700 365 2748 Cicerone
374 2701 487 2749 dicuutur
497 2719 502 2751 :
520 2703 554 2750 ib.
564 2706 576 2760 5
585 2717 616 2766 49
629 2717 703 2765 quam

131 2765 270 2814 laetissimis
283 2765 346 2814 locis
357 2767 529 2830 sententiisque
540 2768 675 2816 dicentem!

165 2840 188 2893 7.
207 2835 362 2880 sententias
380 2853 401 2871 =
416 2830 519 2892 γνώμας,
543 2833 642 2895 general
667 2847 703 2881 re·

132 2896 242 2946 flections
260 2912 292 2944 on
309 2897 401 2944 human
420 2896 462 2945 life
478 2898 527 2946 and
547 2898 639 2957 action,
651 2914 703 2961 cry-

131 2961 252 3021 stallized,
270 2977 298 3010 as
319 2961 339 3010 it
359 2977 429 3019 were,
450 2963 475 3010 in
498 2978 566 3012 some
588 2970 633 3026 apt
655 2962 704 3011 and

132 3027 705 3143 111111111111111111

132 3158 294 3206 commended
311 3158 458 3207 themselves
474 3159 500 3206 in
517 3158 661 3223 proportior
677 3174 705 3206 as

131 3225 189 3286 they
201 3238 264 3272 were
275 3223 377 3286 pointed
388 3224 436 3271 and
452 3225 641 3288 epigrammatic
654 3225 705 3288 (cp.

132 3296 220 3351 arguta
231 3295 256 3337 et
268 3288 335 3337 brevi
347 3289 467 3338 sententia
478 3292 517 3338 20.
532 3288 583 3341 16).

165 3360 196 3402 in
207 3357 244 3401 iis
256 3357 439 3404 orationibus.
475 3355 611 3419 Quintilian
627 3355 705 3419 speci·

132 3420 184 3482 ally
201 3419 344 3468 commends
359 3419 401 3468 the
419 3435 465 3483 pro
483 3421 514 3483 Q.
526 3420 627 3483 Ligario
640 3424 705 3478 (11.0.

133 3484 176 3548 46)
193 3483 243 3532 and
258 3483 300 3533 the
316 3500 362 3548 pro
375 3485 470 3534 Milone
482 3495 517 3546 (B.
527 3497 550 3534 c.
566 3486 617 3550 52).
650 3485 705 3534 The

132 3550 270 3614 Philippica
282 3565 340 3607 may
351 3549 404 3598 also
413 3552 444 3599 be
455 3551 578 3600 included.

167 3618 262 3663 senior
278 3618 342 3663 iam.
376 3615 522 3665 Helmreich
537 3622 652 3680 supports
663 3614 706 3663 the

134 3681 235 3742 reading
251 3680 280 3728 of
289 3681 334 3728 ΑΒ
350 3680 384 3743 by
395 3681 472 3744 citing
483 3683 535 3730 iam
548 3682 632 3730 senior
641 3680 706 3729 from

134 3748 199 3794 Ann.
218 3746 254 3794 iii.
267 3757 307 3808 47,
325 3759 355 3808 14
368 3748 417 3795 and
433 3745 500 3795 Hist.
517 3747 532 3795 i.
548 3747 648 3809 49,18:
666 3762 706 3810 cp.

134 3812 208 3874 Verg.
221 3811 282 3859 Aen.
295 3811 326 3859 vi.
343 3826 398 3874 304.
432 3813 481 3861 But
491 3813 518 3860 in
528 3812 570 3861 the
581 3811 707 3875 Dialogue

134 3878 186 3925 iam
198 3884 262 3925 most
273 3877 415 3940 commonly
423 3893 506 3926 comcs
517 3877 579 3928 after
587 3877 629 3926 the
637 3876 707 3926 word

133 3943 193 3990 with
207 3942 290 3991 which
300 3942 320 3990 it
331 3942 352 3991 is
362 3950 389 3991 to
403 3944 434 3991 be
445 3943 534 3992 taken:
552 3959 581 3992 so
594 3942 707 3992 ‘iuvenes

133 4007 197 4056 iam’
207 4008 245 4057 83.
258 4009 283 4066 83
297 4008 420 4056 ‘imbutus
431 4006 496 4056 iam’
506 4010 544 4058 34.
555 4023 580 4068 23
594 4011 707 4072 ‘paratos

134 4070 198 4121 iam'
210 4074 248 4122 tl.
263 4071 307 4131 26;
324 4076 434 4121 ‘sextam
446 4071 510 4122 iam‘
523 4075 560 4127 17.
577 4087 621 4134 13;
641 4072 705 4121 ‘dis-

134 4139 206 4202 posui
223 4135 288 4186 iam'
300 4141 323 4187 3.
338 4151 383 4194 τις
403 4138 530 4188 ‘adsuevit
547 4139 611 4189 iam’
623 4140 664 4188 20.
682 4139 705 4188 8.

134 4204 180 4251 See
193 4202 286 4252 Introd.
301 4218 325 4266 p.
337 4203 420 4263 lxxxv,
432 4211 497 4253 note.

168 4270 191 4316 8.
210 4271 290 4316 iuxta
307 4271 400 4328 finem,
419 4267 460 4317 the
478 4268 537 4330 only
552 4270 663 4318 instance
680 4267 709 4317 oi

132 4333 184 4383 this
196 4348 238 4381 use
250 4334 299 4392 (sor
310 4333 355 4381 sub
357 4331 452 4396 finem)
465 4334 489 4382 in
501 4334 611 4385 Tacitus.

167 4404 317 4455 postquam
325 4398 387 4447 with
393 4398 518 4463 theplps.:
530 4415 569 4465 cp.
577 4403 616 4450 38.
624 4399 657 4448 ad
665 4397 706 4447 tin.

135 4475 268 4528 postquam
286 4498 292 4511 .
310 4500 316 4511 .
336 4499 342 4511 .
360 4473 500 4529 pacaverat.

787 1732 823 1767 1ο.
841 1722 959 1779 priores,
967 1734 988 1768 e.
994 1717 1322 1782 g.proA.Caecina(20.4),

752 1800 799 1848 pro
811 1785 847 1832 M.
860 1784 955 1844 Tullio,
967 1799 1014 1848 pro
1027 1784 1118 1832 Roscio
1130 1783 1257 1841 Amerino,
1270 1786 1316 1832 &e

787 1863 825 1898 11.
843 1852 993 1907 principiis
1022 1885 1054 1899 ..
1073 1883 1079 1896 .
1106 1851 1323 1896 narrationibus.

751 1914 799 1964 See
815 1930 848 1964 on
865 1915 1045 1978 19.11,10nga
1061 1913 1240 1978 principiorum
1254 1929 1324 1976 prae·

752 1981 849 2047 paratio
861 1988 885 2030 et
895 1981 1042 2030 narrationis
1053 1979 1103 2028 alte
1114 1979 1216 2043 repetita
1228 1979 1310 2028 series.

786 2050 894 2096 otiosus
907 2050 981 2094 circa
998 2059 1138 2106 excessus,
1155 2043 1188 2093 he
1207 2040 1323 2093 ‘loiters’

753 2127 812 2160 over
840 2109 918 2161 ‘idle'
947 2111 1103 2175 digressions.
1155 2110 1206 2158 For
1233 2109 1324 2159 otiosus

753 2176 949 2241 (‘wearisome')
979 2192 1019 2226 see
1047 2192 1079 2224 on
1103 2177 1141 2225 18.
1168 2189 1198 2237 ²4
1220 2175 1323 2223 Brutum

753 2243 863 2291 otiosum
890 2248 964 2306 atque
997 2242 1143 2291 diiunctum.
1194 2239 1325 2303 Digressio

754 2307 933 2370 (παρέκβασις),
965 2308 1106 2357 sometimes
1137 2307 1240 2369 egressio
1275 2305 1324 2352 and

752 2388 870 2437 egressus,
889 2374 911 2421 is
935 2388 1101 2436 synonymous
1117 2373 1178 2421 with
1200 2386 1323 2420 excesms:

753 2455 792 2503 cp.
805 2440 889 2502 Quint.
903 2438 937 2487 iii.
949 2453 972 2502 9,
984 2454 1001 2501 4
1012 2438 1119 2502 egressio
1130 2453 1189 2486 vero
1199 2437 1248 2496 vel,
1256 2437 1324 2501 quod

752 2503 867 2553 usitatius
878 2520 930 2554 esse
941 2505 1031 2569 coepit,
1044 2519 1164 2565 excessus,
1176 2506 1233 2563 &c.,
1245 2503 1279 2550 ib.
1291 2503 1324 2550 iv.

755 2582 778 2630 3',
793 2574 821 2628 88
835 2570 856 2629 8,
875 2583 913 2618 1²·

786 2639 868 2689 circa,
880 2649 996 2683 common
1007 2634 1032 2682 in
1045 2634 1086 2682 the
1093 2634 1172 2683 Silver
1178 2633 1234 2696 Age
1242 2633 1280 2682 sor
1287 2632 1323 2691 in,

753 2701 789 2759 de,
802 2699 843 2760 ad,
855 2715 920 2763 ergo,
936 2703 999 2749 &cz
1018 2715 1057 2749 see
1069 2715 1101 2747 on
1110 2702 1133 2748 3.
1148 2699 1184 2746 18.

788 2779 827 2814 11.
852 2780 918 2813 raro
958 2768 1112 2822 incalescit,
1156 2763 1187 2812 he
1228 2762 1325 2811 seldom

753 2830 866 2880 ‘catches
877 2827 936 2878 fire.'
962 2829 1009 2894 Cp.
1019 2831 1057 2878 sor
1065 2830 1107 2878 the
1119 2829 1201 2877 whole
1212 2843 1325 2891 passage,

754 2896 855 2955 Seneca,
868 2897 915 2961 Ep.
931 2909 984 2949 100,
996 2910 1047 2959 esp.
1061 2899 1089 2954 55
1104 2896 1166 2957 7-8:
1186 2907 1240 2956 114,
1255 2899 1267 2952 5
1281 2891 1318 2941 16.

789 2966 864 3020 apte,
876 2960 906 3009 ol
917 2959 1031 3023 rhythm:
1048 2976 1087 3024 cp.
1100 2960 1153 3009 Cic.
1161 2959 1205 3009 Or.
1218 2964 1230 3017 §
1242 2964 1325 3022 149.¹¹t

754 3025 942 3090 comprehensio
977 3025 1030 3089 (the
1065 3025 1188 3088 complete
1226 3024 1324 3088 period)

754 3107 883 3141 numerose
902 3098 926 3141 et
944 3099 1002 3154 apte
1018 3091 1111 3140 cadat:
1133 3095 1207 3153 5119
1224 3090 1244 3138 si
1262 3104 1326 3152 quae

755 3163 849 3207 veteres
872 3156 910 3206 illi
928 3193 934 3205 .
950 3192 975 3204 ..
992 3164 1049 3220 apte
1064 3170 1243 3219 numeroseque
1259 3156 1326 3203 dixe·

755 3229 820 3283 runt,
840 3237 869 3272 ea
887 3223 923 3271 sic
944 3237 994 3270 non
1016 3237 1117 3271 numero
1139 3222 1259 3284 quaesito,
1282 3219 1326 3269 sed

755 3289 886 3337 verborum
913 3287 1078 3336 collocatione
1105 3287 1259 3336 ceciderunt:
1297 3300 1326 3333 so

757 3356 770 3411 5
796 3353 842 3403 168
864 3367 1009 3402 numerosae
1035 3360 1061 3402 et
1088 3361 1159 3416 aptae
1186 3351 1326 3400 orationis:

758 3423 855 3482 55174,
874 3428 927 3481 177,
948 3431 1009 3482 191:
1027 3417 1112 3480 Quint.
1129 3419 1161 3467 ix
1179 3433 1202 3480 4,
1221 3431 1249 3479 32
1268 3422 1327 3480 apte

756 3485 846 3533 cadens
857 3484 945 3533 oratio.

792 3563 828 3611 13.
845 3549 1076 3612 lumina=insigni
1086 3549 1212 3598 sententia.
1227 3549 1327 3597 Lumen

756 3615 778 3664 is
789 3616 847 3664 here
863 3615 922 3663 used
941 3614 970 3662 of
982 3615 1049 3663 what
1064 3614 1126 3663 adds
1138 3614 1266 3663 brilliance
1277 3612 1327 3660 and

756 3680 819 3729 lclat
829 3686 855 3729 to
871 3680 1047 3742 style—some
1067 3680 1172 3742 striking
1190 3681 1281 3742 beauty
1301 3675 1330 3726 os

756 3746 864 3810 thought
881 3761 910 3794 or
926 3746 1029 3801 diction,
1040 3745 1101 3795 such
1112 3761 1140 3794 as
1151 3745 1242 3794 Seneca
1254 3744 1282 3805 (l.
1292 3743 1325 3805 c.)

756 3810 818 3860 calls
847 3811 937 3860 ‘subiti
964 3811 1026 3860 ictus
1051 3809 1243 3860 sententiarum!
1277 3810 1326 3871 Cp.

756 3876 809 3925 Cic.
828 3877 896 3925 Brut.
910 3881 922 3934 5
935 3874 967 3923 66
984 3876 1067 3924 nullus
1084 3875 1130 3924 flos
1147 3882 1230 3923 tamen
1246 3889 1326 3938 neque

756 3941 840 3990 lumen
850 3941 937 3998 ullum,
949 3941 1000 3990 and
1017 3940 1059 4004 (os
1072 3940 1114 3989 the
1131 3940 1193 4002 style
1211 3939 1240 3987 of
1253 3938 1327 3986 Plato

756 4007 806 4055 and
825 4006 994 4062 Democritus)
1012 4005 1080 4069 quod
1096 4005 1220 4055 incitatius
1237 4004 1328 4052 seratur

756 4080 781 4121 et
792 4070 935 4121 clarissimis
945 4070 1076 4120 verborum
1087 4071 1223 4119 luminibus
1234 4075 1324 4129 utatur,

757 4138 799 4187 Or.
815 4141 827 4195 5
840 4136 887 4199 67:
905 4135 1079 4191 sententiarum
1096 4135 1199 4194 lumina,
1212 4135 1245 4184 ib.
1260 4140 1272 4192 5
1286 4134 1326 4195 85.

756 4202 791 4252 So
803 4202 888 4265 Quint.
898 4201 949 4249 viii.
963 4214 986 4263 5,
1000 4215 1012 4248 2
1024 4201 1175 4250 consuetudo
1187 4201 1237 4248 iam
1249 4199 1327 4249 tenuit

757 4275 785 4315 ut
813 4274 895 4315 mente
920 4272 1040 4330 concepta
1068 4280 1152 4315 sensus
1174 4279 1325 4322 vocaremus,

757 4332 853 4381 lumina
872 4337 954 4380 autem
972 4331 1152 4395 praecipueque
1169 4331 1194 4379 in
1211 4329 1328 4379 clausulis

757 4398 840 4462 posita
857 4397 1007 4446 sententias:
1025 4397 1060 4446 ib.
1084 4400 1096 4453 5
1119 4410 1149 4459 19
1168 4397 1263 4445 lumina
1283 4395 1327 4442 illa

757 4478 806 4512 non
826 4462 941 4512 flammae
960 4463 1002 4512 sed
1022 4461 1136 4511 scintillis
1154 4462 1218 4512 inter
1233 4461 1328 4527 fumum
