3046 5032
421 360 659 425 DIALOGUS
677 361 745 421 DE
767 358 1069 421 ORATORIBUS.
1303 365 1344 436 25

141 539 182 596 ¹et
202 530 339 596 theatris
359 532 392 595 in
411 532 518 597 forum
540 543 573 597 et
594 534 637 598 ad
658 552 773 598 causas
793 541 827 595 et
846 531 890 595 ad
910 552 987 595 vera
1007 527 1132 612 proelia
1151 547 1244 604 voc0‚
1266 546 1341 590 cum
1358 554 1388 606 25

146 646 338 727 praesertim
359 666 401 708 ne
420 646 463 709 ad
484 645 565 709 illud
587 646 720 727 quidem
742 645 915 727 confugere
935 643 1051 726 possis,
1069 642 1159 724 quod
1179 640 1343 724 plerisque

147 757 380 836 patrocinatur,
394 766 565 839 tamquam
585 758 692 821 minus
713 757 897 821 obnoxium
917 757 961 821 sit
982 755 1149 820 offendere
1169 762 1342 836 poetarum

146 888 247 950 quam
277 879 444 933 oratorum
474 869 632 933 studium.
686 868 880 933 Effervescit
908 869 996 933 enim
1023 869 1073 931 vis
1102 865 1342 950 pulcherrimae

50 1058 55 1067 Ι
146 992 284 1045 naturae
305 993 391 1057 tuae,
414 1001 474 1045 nec
496 1001 557 1062 pro
579 979 686 1044 amico
709 973 828 1063 aliquo,
849 981 916 1056 sed,
937 980 1026 1061 quod
1047 979 1260 1063 periculosius
1284 983 1342 1052 est,
1394 1000 1399 1008 ·

145 1113 206 1173 pro
223 1092 351 1157 Catone
366 1093 515 1156 offendis.
561 1093 633 1156 Nec
651 1103 828 1157 excusatur
846 1093 971 1157 offensa
986 1092 1227 1157 necessitudine
1242 1088 1341 1153 officii
1355 1113 1389 1162 5ο

144 1212 202 1267 aut
225 1203 291 1267 fide
313 1204 538 1270 advocationis
560 1215 619 1269 aut
641 1204 796 1268 fortuitae
816 1213 850 1267 et
870 1205 1000 1269 subitae
1020 1204 1173 1269 dictionis
1195 1204 1341 1284 impetu:

145 1316 326 1391 meditatus
365 1317 486 1407 videris
523 1325 556 1380 et
589 1315 727 1398 elegisse
764 1336 940 1400 personam
977 1316 1158 1381 notabilem
1195 1323 1229 1378 et
1266 1332 1341 1376 cum

144 1429 341 1491 auctoritate
364 1429 535 1492 dicturam.
582 1428 697 1492 Sentio
720 1428 799 1510 quid
823 1429 1013 1511 responderi
1036 1429 1160 1512 possit:
1189 1426 1265 1489 hinc
1294 1423 1341 1484 in-

143 1549 260 1622 gentes
283 1541 426 1605 existere
460 1541 627 1615 adsensus,
661 1539 742 1604 haec
777 1540 810 1603 in
845 1540 924 1623 ipsis
958 1540 1131 1604 auditoriis
1166 1538 1341 1622 praecipue

141 1651 269 1716 laudari
292 1661 326 1715 et
349 1673 430 1715 mox
453 1652 601 1715 omnium
623 1652 830 1715 sermonibus
853 1651 938 1718 ferri.
984 1651 1080 1714 Tolle
1103 1651 1201 1733 igitur
1221 1648 1340 1731 quietis
1354 1669 1386 1721 35

178 1770 216 1819 16.
233 1786 377 1833 comurgerc
389 1771 446 1820 DA.
536 1781 574 1834 27.
592 1769 801 1835 offenderecodd,
816 1772 919 1837 offensae
930 1770 1068 1830 Acidalius,
1081 1768 1168 1818 Halm.
1262 1778 1300 1826 51.
1316 1773 1341 1815 et

144 1836 217 1898 John,
236 1842 283 1883 aut
302 1836 381 1896 codd,
403 1853 452 1885 0111.
475 1837 538 1899 Pur,
560 1836 628 1885 ultro
649 1835 773 1900 Schopen,
792 1844 865 1900 atque
884 1837 1014 1896 Baehrens,
1039 1835 1116 1884 etiam
1134 1833 1222 1892 Halm,
1239 1832 1338 1880 Novak.

144 1901 193 1964 Qy.
205 1901 246 1949 vel
253 1901 265 1949 f
287 1901 347 1950 med.
364 1900 459 1951 videras
468 1902 565 1966 elegisse
577 1909 709 1965 personam
727 1908 751 1951 et
766 1903 898 1951 notabilem
914 1909 946 1961 ct,
963 1905 1009 1951 &c
1028 1901 1125 1950 Heller.
1224 1911 1262 1959 55.
1279 1896 1340 1946 binc

145 1966 191 2014 Hb
203 1967 267 2021 Put..
278 1966 320 2014 tic
330 1976 395 2016 most
407 1968 478 2016 codd.
513 1980 552 2030 54.
562 1967 665 2017 existere
674 1967 792 2027 Muretus,
803 1983 833 2016 cx
841 1968 882 2015 liis
893 1968 964 2016 codd.
973 1966 1063 2016 Heller
1071 1979 1190 2030 supposes
1197 1965 1253 2013 that
1265 1966 1339 2012 ί0011·
1438 2012 1441 2019 ,

142 2029 239 2081 cursns’
251 2031 295 2079 has
311 2031 424 2096 dropped
440 2041 491 2093 out,
503 2033 551 2080 and
567 2032 651 2081 would
667 2034 726 2083 read
737 2033 811 2083 ‘hinc
826 2035 941 2096 ingentes
956 2047 1094 2093 concursus,
1106 2047 1138 2080 ex
1153 2030 1193 2078 his
1210 2024 1339 2079 assensus'

144 2096 203 2145 haec
214 2097 324 2159 Ev,cn‚
335 2098 378 2145 hoc
389 2099 422 2154 D,
433 2099 474 2147 hic
484 2098 539 2156 AB,
551 2098 611 2147 hinc
622 2097 677 2150 Hb.

142 2233 148 2244 .
160 2231 165 2243 .
176 2232 182 2244 .
194 2194 308 2245 oblatus:
326 2197 349 2249 7.
360 2210 374 2259 5
385 2198 527 2247 defendere.
538 2234 544 2247 .
555 2198 716 2249 ‚defenderer
768 2212 806 2261 50,
821 2213 834 2247 1
853 2198 1058 2248 necessitudinem
1076 2212 1174 2261 pugnae
1188 2212 1195 2244 :
1216 2195 1258 2244 the
1275 2195 1339 2244 form

142 2263 165 2314 7.
180 2270 192 2322 7
205 2260 567 2327 principem...principum:
591 2268 715 2328 111410-
766 2265 794 2313 01
799 2265 841 2313 the
849 2265 999 2327 wordbeing
1007 2261 1246 2328 probablymotived
1255 2260 1287 2324 by
1296 2261 1339 2311 the

143 2327 266 2390 ceperint.
278 2334 449 2392 ..acceperint
461 2331 519 2378 122.
534 2337 563 2391 17
572 2336 637 2379 10010
645 2332 715 2394 tegi:
762 2329 940 2393 juxtaposition
952 2330 981 2378 01
993 2328 1109 2393 ficium.
1142 2327 1233 2376 Others
1252 2327 1339 2375 under·

143 2394 182 2441 32.
203 2405 230 2438 11
250 2393 360 2441 armis..
375 2400 519 2443 ‚armatusz
538 2397 578 2444 33.
595 2410 606 2442 1
625 2396 715 2446 videris
765 2396 837 2445 stand
857 2395 899 2444 the
909 2395 979 2443 word
995 2395 1024 2443 of
1039 2393 1083 2442 the
1100 2391 1206 2455 friendly
1221 2391 1339 2441 relations

142 2456 294 2506 ...videaris
307 2475 313 2506 :
330 2461 369 2508 34.
381 2461 395 2508 5
405 2459 535 2508 interesse.
545 2495 567 2510 ..
579 2460 714 2512 interesset.
767 2460 802 2525 (=
816 2460 983 2523 familiaritas)
1005 2459 1059 2509 that
1081 2457 1133 2506 find
1153 2458 1294 2521 expression
1312 2457 1337 2505 in

176 2537 214 2584 14.
231 2537 398 2574 vanescere:
417 2525 532 2587 7100110111,
542 2527 591 2574 and
602 2527 628 2574 in
638 2527 714 2590 Quin·
764 2526 855 2575 service
866 2526 982 2576 rendered
994 2524 1125 2589 (officium)
1138 2540 1145 2573 ι
1165 2523 1337 2583 soAudresen,
1354 2550 1356 2555 .

65 2572 90 2645 J
141 2587 223 2636 tilian.
257 2587 304 2651 Cp.
317 2588 384 2638 Hist.
397 2605 419 2637 v.
434 2589 501 2652 7,6;
521 2591 585 2639 Α1111.
597 2593 624 2640 ii.
636 2607 676 2654 40,
689 2592 713 2641 6.
765 2590 797 2640 G.
810 2591 859 2639 and
871 2591 902 2640 G.

175 2667 213 2715 15.
231 2657 358 2702 theatris.
392 2654 446 2703 The
464 2654 517 2702 hall
538 2656 568 2704 01
586 2673 601 2705 a
619 2657 713 2706 theatre
797 2670 836 2716 51.
854 2659 910 2705 fide
927 2658 1129 2713 advocationis,
1144 2653 1198 2702 ‘the
1214 2652 1337 2718 responsi·

140 2733 192 2766 was
214 2719 357 2767 sometimes
378 2720 478 2769 utilized
496 2721 533 2769 101
549 2737 669 2786 purposes
687 2723 717 2772 01
763 2720 836 2785 bility
847 2721 877 2770 01
885 2737 916 2769 an
928 2719 1062 2770 advocate.⁸

141 2783 228 2848 public
239 2785 350 2848 reading.
795 2789 940 2845 fortuitae,
952 2791 1008 2846 810,
1018 2785 1074 2833 ‘the
1085 2782 1160 2846 hurty
1168 2785 1198 2832 01
1205 2799 1220 2831 a
1231 2782 1337 2832 random

172 2851 266 2896 forum
279 2854 527 2907 ...vereproelia
560 2851 624 2901 This
636 2853 713 2917 figure
762 2852 812 2900 and
831 2859 974 2915 extempore
994 2847 1133 2899 utteranoe.'
1166 2849 1214 2913 Cp.
1232 2849 1284 2897 Cic.
1304 2850 1336 2898 de

140 2914 161 2961 is
173 2913 202 2962 of
209 2915 321 2976 frequent
332 2930 476 2965 occurrence
490 2917 515 2965 in
532 2917 574 2967 the
590 2918 713 2982 language
763 2918 807 2966 Or.
825 2917 842 2965 i.
861 2921 873 2975 5
891 2931 937 2977 150
957 2916 1063 2966 subitam
1085 2922 1109 2964 et
1131 2914 1259 2962 fortuitam
1281 2929 1336 2961 ora·

139 2979 169 3026 of
176 2979 349 3028 rhetoricians:
367 2997 388 3030 0.
396 2997 420 3046 g.
431 2982 514 3044 Quint
523 2999 546 3032 x.
558 2996 579 3040 1,
591 2987 620 3041 55
633 2998 713 3048 19-50
763 2982 870 3033 tionem:
889 2983 950 3032 Tae
958 2981 1043 3030 Germ.
1052 2981 1110 3043 xi.4
1120 2979 1167 3028 nisi
1178 2979 1238 3044 quid
1249 2979 1336 3027 fortui-

139 3058 185 3093 nos
196 3059 254 3092 vero
267 3045 308 3106 (01
321 3053 415 3096 0111011
426 3063 453 3095 as
464 3049 576 3112 opposed
588 3056 615 3098 to
629 3052 711 3113 poete)
762 3056 815 3097 tum
826 3054 851 3097 et
862 3047 970 3097 subitum
980 3047 1074 3097 incidit.

139 3117 247 3158 armatos
259 3117 322 3159 stare
338 3112 364 3159 in
381 3113 434 3161 scie
449 3118 473 3160 et
487 3114 589 3162 summis
600 3114 631 3162 de
641 3115 712 3165 rebus
797 3127 835 3174 32.
853 3116 1015 3166 meditatus,
1034 3127 1067 3161 10.
1081 3125 1129 3160 csse
1147 3107 1235 3175 (John)
1249 3127 1256 3158 :
1279 3111 1299 3158 it
1315 3108 1337 3159 is

139 3175 267 3224 decernere
297 3183 323 3225 et
357 3176 389 3224 ad
417 3178 547 3227 victoriam
575 3179 638 3228 niti:
672 3195 712 3230 see
761 3174 1337 3241 believedthatyouthoughtontandcarefully

141 3239 245 3296 Introd,
265 3241 715 3309 71,111-111110111011050011115001
762 3243 877 3305 selected,
895 3247 942 3293 &o
976 3244 1026 3291 For
1042 3243 1085 3292 the
1105 3241 1222 3290 omission
1243 3243 1272 3290 01
1288 3255 1336 3289 csse

137 3319 225 3353 causas
242 3306 313 3368 (with
332 3323 402 3356 some
422 3308 513 3368 erirics)
534 3325 571 3358 we
591 3310 669 3374 ought
685 3318 712 3359 10
762 3325 801 3373 cp.
815 3312 853 3358 19.
870 3322 898 3371 15
911 3309 1028 3357 odoratus
1038 3308 1176 3357 videretur:
1199 3306 1252 3355 also
1266 3308 1332 3354 Hist.

138 3386 256 3433 compare
273 3373 312 3419 34.
326 3372 356 3420 16
376 3373 423 3421 1011
435 3409 441 3422 .
453 3411 459 3422 .
472 3411 478 3424 .
491 3374 655 3425 iudiciorum:
676 3376 712 3426 ib.
762 3374 798 3422 iii.
810 3374 889 3437 75,16
901 3375 993 3424 crimen
1004 3373 1152 3438 adgnovisse
1162 3379 1187 3421 et
1198 3373 1334 3436 apartibus

142 3449 170 3497 15
187 3444 211 3484 01
228 3437 308 3485 causis
323 3445 347 3485 01
359 3437 459 3487 iudiciis
473 3440 565 3498 (where
574 3456 614 3489 100
626 3440 710 3504 note):
762 3439 859 3488 Vitellii
878 3438 996 3489 amolitus
1012 3440 1160 3488 videbatur:
1187 3439 1221 3486 ib.
1233 3438 1268 3487 iii.
1282 3437 1305 3496 6,
1319 3452 1333 3499 5

140 3501 225 3562 Quint.
237 3518 259 3550 x.
276 3514 297 3562 1,
312 3501 342 3564 36
354 3503 400 3551 fori
412 3541 418 3553 .
431 3541 437 3552 .
451 3540 458 3554 .
470 3504 643 3566 periculorum.
762 3505 937 3554 ferebatur...
950 3506 1108 3554 criminatus:
1131 3504 1163 3553 iv.
1176 3516 1215 3568 39,
1228 3516 1258 3565 15
1276 3504 1334 3553 fere·

173 3565 212 3614 26.
229 3569 378 3625 plerisque.
402 3569 448 3619 See
456 3573 517 3619 on2.
528 3583 565 3620 10.
584 3571 712 3621 Thiscon·
762 3571 833 3619 batur
843 3570 962 3621 hortatus.

137 3633 256 3680 struction
274 3633 346 3695 (after
357 3634 529 3699 patrocinare)
547 3637 570 3685 is
592 3637 670 3686 found
686 3637 712 3685 in
796 3648 836 3698 55.
848 3633 1091 3696 mox,‘thereafter‚'
1101 3632 1222 3683 fumishes
1233 3633 1333 3682 ananti-

137 3694 251 3746 Terence·
760 3700 837 3750 thesis
848 3709 874 3750 10
885 3705 893 3731 ‘
903 3703 928 3750 in
939 3701 1000 3765 ipsis
1010 3696 1154 3750 auditoriis)
1182 3699 1229 3764 Cp.
1243 3701 1282 3753 17.
1296 3711 1333 3747 11.

172 3773 210 3824 17.
229 3766 384 3811 obnoxium
401 3768 550 3815 offendere.
584 3764 656 3814 With
668 3764 711 3817 the
792 3770 870 3827 ferri,
882 3767 911 3815 01
918 3767 987 3815 what
997 3764 1166 3829 isingeneral
1178 3765 1334 3823 circulation,

138 3826 185 3888 adj.
194 3827 297 3891 affimat
305 3828 391 3877 would
400 3828 464 3879 have
472 3831 534 3880 been
543 3847 612 3880 more
620 3832 691 3880 usual
703 3848 709 3880 :
762 3834 871 3882 ‘current
882 3831 979 3896 topics.'
999 3831 1034 3881 So
1042 3832 1095 3880 Liv.
1104 3831 1136 3879 iv.
1147 3830 1211 3893 5,6:
1230 3829 1332 3880 rumori·

137 3893 181 3940 but
199 3894 237 3940 101
253 3893 348 3942 similar
365 3897 543 3945 constructione
558 3897 584 3945 in
599 3895 707 3961 Tacitus
760 3897 892 3954 1111110110,
909 3899 975 3945 Ann.
993 3913 1032 3946 xv.
1051 3895 1090 3959 46,
1111 3910 1140 3958 3:
1165 3895 1241 3960 vulgo
1258 3895 1333 3944 ferri:

137 3972 177 4020 cp.
202 3958 241 4007 ch.
265 3960 304 4008 16.
329 3972 356 4007 11
381 3960 524 4010 manifestus
604 3963 708 4027 accingi,
759 3962 827 4010 Suet.
840 3962 887 4010 lul.
898 3976 936 4011 20.
963 3961 1010 4026 Cp.
1022 3962 1106 4025 Quint.
1119 3977 1143 4011 x.
1157 3974 1219 4022 1,15
1230 3961 1263 4010 ad
1275 3960 1332 4008 fin:

1424 1048 1469 1081 χ-
1506 1096 1516 1105 s

161 4023 218 4071 here
229 4038 270 4072 see
280 4030 347 4073 note.
363 4050 367 4059 ·
760 4028 793 4077 ib.
808 4031 820 4085 5
835 4041 896 4091 129:
915 4031 1006 4090 7550.

172 4088 210 4136 18.
228 4092 393 4150 effervescit,
403 4106 418 4139 a
430 4091 550 4141 favourite
561 4091 637 4156 figure
650 4091 710 4142 with
795 4095 876 4142 Tolle
898 4095 995 4151 igitur,
1008 4095 1054 4143 &c
1105 4091 1163 4139 ‘No
1175 4090 1331 4146 1101011111,

136 4153 241 4202 C'cero:
260 4171 312 4218 eg.
330 4170 405 4218 quare
424 4156 444 4204 si
463 4157 503 4206 cui
520 4158 623 4205 nimium
643 4157 710 4208 effer·
760 4158 791 4207 01
804 4157 846 4206 the
863 4157 920 4222 plea
937 4158 990 4207 that
1007 4173 1056 4220 you
1067 4155 1130 4205 wish
1146 4155 1185 4204 101
1195 4172 1272 4220 peace
1282 4171 1315 4205 an

136 4217 219 4267 buisse
230 4219 326 4268 videtur
336 4220 408 4268 huius
418 4221 464 4280 vis,
476 4237 523 4285 pro
534 4223 603 4272 Cael.
617 4227 630 4281 5
644 4233 683 4288 77.
761 4221 898 4286 quietness’
912 4222 973 4286 (and
989 4238 1018 4271 10
1035 4221 1114 4286 prefer
1130 4229 1217 4286 poetry
1234 4227 1261 4271 to
1280 4220 1332 4270 elo·

171 4296 209 4344 30.
228 4288 435 4334 necessitudine
455 4290 548 4343 0111011,
567 4288 624 4337 ‘the
647 4288 710 4338 obli·
761 4288 873 4352 quence),
885 4288 967 4337 ‘since
975 4303 1024 4350 you
1035 4286 1333 4349 deliberatelychoosean

136 4350 235 4410 gations
251 4349 281 4397 01
293 4348 444 4414 friendship.’
477 4352 502 4401 11
517 4368 596 4402 seems
613 4353 667 4402 best
683 4360 711 4404 to
760 4354 893 4416 adversary
903 4352 960 4403 who
977 4353 999 4401 is
1016 4359 1059 4400 too
1076 4351 1195 4414 powerful
1211 4352 1251 4400 101
1266 4348 1333 4415 you!

136 4413 195 4460 take
207 4414 355 4464 necessitudo
365 4415 461 4465 hereas
477 4417 649 4467 -nccessitasz
668 4434 708 4482 cp.
758 4418 887 4466 Andresen
920 4417 971 4466 aud
1003 4416 1086 4466 others
1121 4416 1184 4465 have
1221 4416 1333 4480 wrongly

134 4478 201 4528 Ann.
214 4479 249 4528 iii.
261 4481 330 4543 40,8
347 4482 466 4545 peccandi
477 4483 648 4534 necessitudo:
664 4485 707 4534 xii.
758 4483 873 4534 1111111101
888 4498 904 4533 1
920 4482 1009 4533 lacuna
1024 4481 1173 4546 afterscrri.
1207 4481 1263 4532 The
1280 4497 1332 4532 seu·
