3046 5032
226 354 268 422 82

227 521 279 577 est
305 521 418 577 orator
442 511 500 594 qui
527 512 570 577 de
600 512 692 579 omni
721 513 916 595 quaestione
945 512 1081 596 pulchre
1109 522 1144 579 et
1173 524 1289 579 ornate
1319 523 1352 579 et
1382 514 1426 578 ad

226 626 492 709 persuadendum
517 634 594 708 apte
621 625 730 690 dicere
760 645 821 709 pro
847 624 1010 709 dignitate
1033 647 1152 706 rerum,
1175 627 1219 692 ad
1246 625 1426 693 utilitatem

227 746 424 820 temporum,
440 757 515 801 cum
531 736 703 819 voluptate
717 736 921 801 audientium
937 737 1053 819 possit.

270 853 328 920 31.
352 849 428 912 Hoc
441 848 502 913 sibi
519 847 566 911 illi
581 858 709 913 veteres
725 857 962 931 persuaserant,
974 851 1017 915 ad
1030 848 1093 914 hoc
1109 850 1315 916 efficiendum
1327 849 1427 914 intel·

225 959 381 1045 legebant
397 982 481 1043 opus
496 981 576 1034 esse,
592 981 658 1024 non
677 969 714 1024 ut
735 961 769 1024 in
791 958 961 1025 rhetorum
976 961 1098 1027 scholis
1113 962 1347 1038 declamarent,
1363 981 1426 1026 nec

225 1082 263 1136 ut
283 1072 368 1136 fictis
389 1092 448 1138 nec
470 1072 538 1137 ullo
561 1073 662 1136 modo
681 1073 723 1136 ad
744 1072 918 1136 veritatem
940 1072 1172 1137 accedentibus
1195 1074 1425 1139 controversiis

224 1182 372 1266 linguam
399 1186 557 1248 modoet
582 1204 699 1248 vocem
724 1192 922 1260 exercerent,
949 1185 1006 1249 sed
1033 1193 1070 1249 ut
1095 1185 1135 1249 iis
1161 1187 1285 1250 artibus
1307 1195 1426 1270 pectus

197 1296 398 1380 simplerent
421 1297 453 1358 in
477 1296 597 1379 quibus
619 1296 662 1358 de
683 1293 778 1359 bonis
799 1315 839 1360 ac
861 1295 964 1373 malis,
980 1298 1023 1361 de
1045 1296 1186 1362 honesto
1206 1308 1240 1363 et
1261 1297 1358 1380 turpi,
1381 1296 1425 1360 de

226 1409 313 1473 iusto
336 1417 369 1472 et
392 1408 512 1472 iniusto
534 1408 741 1491 disputatur;
767 1405 847 1470 haec
873 1407 963 1470 enim
986 1418 1037 1473 est
1058 1409 1180 1472 oratori
1206 1408 1356 1473 subiecta
1379 1409 1425 1472 ad

258 1540 299 1586 31.
319 1549 340 1583 1.
358 1535 401 1584 hcc
413 1535 523 1595 ΕΜΔ,
536 1534 577 1597 bgr
588 1534 671 1589 BDH,
683 1533 725 1582 hec
736 1533 768 1583 A.
818 1532 855 1580 ad
864 1531 907 1581 boc
919 1533 1073 1599 efficiendum
1090 1535 1168 1601 Aue,
1181 1535 1218 1584 ad
1227 1535 1285 1584 haec
1297 1534 1426 1600 efficimeiha

224 1608 280 1652 cett.
288 1601 374 1651 codd..
428 1616 451 1662 4.
468 1606 606 1649 exercerent
616 1599 710 1661 Ev,11,
720 1604 833 1647 exercent
845 1598 974 1649 ABCAD.
1010 1600 1426 1661 iiscn.1iz·sD,1eABEV,.in

225 1666 460 1796 ssislxlglxli'vipdbteglis
477 1666 606 1715 Baehrens.
691 1664 714 1712 6.
730 1663 799 1714 enim
816 1670 851 1712 est
866 1664 949 1725 ABH,
966 1665 1305 1730 estenimllv,cn1):see
1322 1665 1420 1717 Introd.

615 358 848 422 CORNELII
868 358 1032 423 rerem

225 1839 362 1903 frequently
374 1838 450 1901 urged
462 1838 495 1900 by
504 1837 607 1888 Cicero:
626 1853 665 1901 cp.
675 1836 706 1886 de
719 1835 761 1885 Or.
771 1835 797 1886 ii.
848 1851 912 1900 opus
928 1835 1015 1886 nutrici
1029 1875 1035 1888 .
1050 1845 1166 1887 ..utrem
1182 1844 1210 1888 ut
1226 1838 1317 1887 habeat
1333 1838 1423 1889 veteris

226 1903 418 1966 55neminem
437 1903 580 1967 eloquentia
599 1938 623 1952 ..
638 1905 647 1952 .'
663 1903 714 1951 sine
731 1902 799 1951 omni
848 1901 914 1951 vini:
938 1903 971 1952 ib.
985 1903 1011 1952 ii.
1031 1917 1055 1966 3,
1074 1913 1087 1966 7
1105 1904 1167 1952 mihi
1186 1940 1192 1952 .
1211 1940 1217 1954 .
1236 1942 1243 1954 .
1260 1919 1323 1967 opus
1340 1911 1378 1952 est
1394 1912 1423 1954 ut

224 1969 347 2033 sapientia
375 1969 460 2017 florere
488 1983 597 2032 uuquam
625 1975 650 2016 et
674 1975 799 2032 praestare
848 1966 945 2016 lavem:
963 1966 1025 2025 116,
1041 1982 1070 2031 19
1085 1984 1150 2018 nunc
1167 1969 1213 2019 tibi
1230 1976 1304 2033 opust
1321 1985 1423 2033 aegram

225 2035 344 2099 potuisse.
388 2034 485 2082 Etenim
508 2042 601 2081 ceterae
621 2033 671 2082 fere
691 2041 755 2082 artes
772 2048 798 2082 se
848 2039 877 2081 ut
893 2038 916 2081 te
928 2033 1078 2082 adsimules:
1100 2034 1174 2083 Poen.
1186 2051 1209 2083 v.
1224 2046 1246 2097 7,
1260 2047 1290 2082 2ο
1301 2035 1342 2083 hic
1358 2049 1423 2098 opus

225 2101 294 2163 ipsae
304 2113 381 2162 perse
392 2104 490 2146 tuentur
501 2098 627 2161 singulae:
646 2099 797 2147 benedicere
847 2104 885 2146 est
896 2096 993 2162 aliquot
1003 2107 1030 2147 ut
1041 2115 1141 2148 maneas
1152 2099 1213 2149 dies.

224 2171 308 2213 autem
386 2179 436 2211 non
453 2164 527 2213 habet
543 2163 670 2212 definitam
687 2162 798 2228 aliquam
884 2176 906 2223 3.
924 2167 998 2213 fictis
1017 2200 1063 2218 ...
1079 2168 1288 2214 controversiis.
1324 2164 1379 2214 Cic.
1391 2165 1423 2215 de

225 2228 797 2356 “lilla-hllllllessllilsstlla2

293 2331 298 2342 ·
440 2331 446 2353 r
782 2332 789 2356 r

225 2361 270 2410 Df.
286 2364 298 2418 5
314 2373 343 2421 25
355 2376 361 2407 z
378 2374 416 2422 cp.
429 2358 522 2407 Introd.
534 2373 559 2421 p.
571 2357 611 2406 lvi.

158 2418 163 2493 J
258 2429 283 2474 ic
296 2431 339 2472 cst
351 2430 451 2482 orator,
464 2426 509 2472 &c
537 2423 591 2472 Cic.
604 2423 635 2471 de
648 2422 691 2471 Or.
703 2423 720 2470 i.
732 2423 764 2486 64
776 2425 797 2473 is

225 2499 308 2540 orator
325 2491 372 2537 erit
389 2504 445 2536 mea
464 2489 586 2537 sententia
599 2487 649 2536 hoc
662 2496 715 2536 tam
727 2491 797 2553 gravi

225 2557 314 2620 dignus
323 2555 431 2614 nomine,
444 2554 493 2617 qui,
506 2569 674 2616 quaecumque
686 2570 724 2602 res
736 2555 797 2606 inci-

224 2619 658 2685 deritquaesitdictioneexplicanda,
666 2620 798 2683 prudenter

224 2695 249 2737 et
260 2686 398 2750 composite
407 2693 430 2733 et
439 2690 524 2733 ornate
536 2694 559 2732 et
569 2685 710 2738 memoriter
721 2686 796 2746 dicet,

224 2769 281 2803 cum
293 2752 401 2816 quadam
414 2750 517 2798 actionis
529 2752 604 2805 etiam
616 2749 745 2812 dignitate.

258 2830 296 2880 27.
316 2820 442 2875 pulchre,
466 2816 495 2867 cs
513 2831 585 2878 grace
608 2830 636 2862 or
658 2816 748 2879 beauty
770 2816 813 2865 of'

223 2883 294 2946 style,
307 2897 333 2929 as
344 2882 397 2930 Cic.
410 2882 452 2930 Or.
466 2885 478 2938 5
491 2891 536 2943 227
546 2879 648 2943 pulchre
657 2889 681 2929 et
690 2882 795 2931 oratorie

223 2948 320 2997 dicere:
342 2962 380 3009 cp.
392 2947 422 2994 de
438 2946 490 2994 Fiu.
505 2950 517 3003 5
530 2946 571 3006 63.
605 2945 667 2994 This
683 2947 705 2994 is
722 2947 796 2994 much

223 3013 325 3076 simpler
335 3011 394 3060 than
406 3017 433 3060 to
445 3011 503 3060 take
514 3011 555 3060 the
567 3010 635 3058 word
647 3011 672 3059 in
684 3028 699 3059 a
715 3011 796 3065 moral

223 3094 292 3127 sense
305 3077 405 3137 (καλῶς’)
416 3077 465 3124 and
483 3084 509 3125 to
526 3076 588 3124 refer
602 3077 631 3133 it,
643 3075 704 3131 with
720 3077 793 3140 John,

222 3151 249 3193 tc
258 3139 414 3206 Quintilian's
421 3142 514 3190 maxim
522 3144 582 3189 ‘non
592 3156 664 3204 posse
674 3151 796 3191 oratorem

222 3223 275 3257 esse
286 3207 333 3255 nisi
346 3208 447 3266 bonum,
460 3207 475 3254 i.
488 3222 523 3270 pr.
537 3210 549 3264 5
564 3221 594 3269 9:
613 3221 652 3268 cp.
664 3206 689 3254 ii.
704 3219 741 3268 15.
758 3222 777 3256 1.

257 3277 364 3329 ornate,
382 3274 421 3320 81.
444 3285 487 3320 ro:
516 3286 556 3334 cp.
578 3275 616 3320 18.
640 3274 735 3329 10,21.
757 3271 807 3320 11.¹

223 3337 278 3386 The
289 3337 358 3385 word
370 3337 429 3384 does
440 3345 483 3384 not
495 3352 523 3383 so
537 3337 610 3384 much
626 3335 732 3385 indicate
747 3353 797 3400 any

223 3419 270 3451 one
279 3401 378 3450 definite
387 3401 502 3449 attribute
510 3401 538 3448 ol
544 3401 613 3463 style,
622 3415 649 3447 as
656 3400 711 3449 that
719 3403 795 3450 union

223 3468 254 3516 of
267 3467 382 3530 qualities
399 3466 481 3514 which
499 3466 569 3528 gives
585 3466 727 3514 distinction
746 3467 795 3514 and

223 3531 300 3582 eolat:
310 3533 348 3580 sor
355 3529 609 3591 Cicero'sdefinition,
617 3545 656 3579 see
664 3531 695 3580 de
705 3531 749 3581 Or.
758 3532 794 3582 iii.

224 3602 237 3656 5
250 3611 281 3659 53
295 3596 397 3660 (quoted
410 3611 441 3642 on
454 3597 492 3644 18.
508 3597 559 3657 10).

255 3667 292 3711 ad
306 3665 532 3719 persuadendum
549 3667 621 3717 apte.
655 3660 690 3709 So
703 3662 795 3726 ‘appo

222 3728 269 3777 site
282 3728 316 3775 ad
324 3724 535 3791 persuadendum:
545 3726 599 3774 Cic.
609 3727 639 3775 de
649 3726 702 3774 Iuv.
711 3727 727 3774 i.
740 3732 752 3785 5
762 3727 793 3777 6:

224 3793 274 3842 ‘ad
302 3790 498 3856 persuadendum
528 3789 737 3851 adcommodate,'
762 3793 794 3843 de

222 3859 265 3909 Or.
278 3858 295 3907 i.
310 3863 322 3916 5
337 3859 390 3918 138.
425 3855 469 3904 See
482 3856 566 3920 Quint.
579 3857 604 3905 ii.
618 3870 654 3918 15.

257 3926 295 3972 28.
312 3927 349 3972 ad
359 3924 515 3970 utilitatem
530 3928 697 3980 temporum,
710 3922 735 3970 in
752 3938 792 3973 ac·

221 3989 341 4037 cordance
358 3987 419 4036 with
438 3988 504 4036 what
523 3989 544 4035 is
562 3988 690 4051 expedient
707 3988 732 4034 in
751 3987 792 4037 the

221 4055 415 4104 circumstances.
452 4053 500 4116 Cp.
513 4053 597 4116 Quint.
610 4068 633 4101 1.
650 4067 673 4113 3,
688 4066 717 4114 15
732 4054 792 4116 quid

220 4135 258 4169 res
269 4124 371 4182 poscat.
385 4155 391 4167 .
404 4155 410 4166 .
421 4118 487 4182 quod
500 4119 531 4166 sit
542 4126 656 4180 tempus:
675 4118 708 4166 xi.
720 4131 741 4178 1,
752 4116 791 4179 46.

849 2227 894 2276 Or.
912 2227 928 2277 i.
948 2233 961 2286 5
983 2243 1028 2292 149
1045 2230 1159 2294 equidem
1176 2231 1256 2295 probo
1272 2229 1321 2278 ista
1336 2267 1342 2279 .
1357 2267 1363 2280 .
1376 2266 1382 2278 .
1394 2237 1423 2280 ut
1505 2224 1510 2235 '

849 2308 925 2346 causa
944 2292 1028 2363 aliqua
1047 2295 1128 2357 posita
1148 2295 1271 2345 consimili
1292 2310 1423 2344 causarum

849 2373 935 2406 earum
952 2359 1059 2428 quaein
1076 2361 1157 2409 forum
1180 2361 1329 2419 deferuntur,
1352 2361 1422 2410 dicat

866 2439 923 2473 uam
944 2425 1052 2474 maxime
1071 2426 1105 2473 ad
1123 2425 1252 2474 veritatem
1275 2425 1421 2475 adcommo-

848 2439 913 2537 data.
947 2489 996 2538 Sed
1008 2490 1119 2554 plerique
1130 2490 1156 2538 in
1171 2491 1220 2540 hcc
1232 2506 1319 2540 vocem
1333 2491 1421 2552 modo,

847 2569 927 2618 neque
938 2570 993 2603 eam
1005 2557 1117 2613 scienter,
1129 2563 1154 2605 et
1164 2557 1228 2606 vires
1239 2563 1351 2606 exercent
1363 2572 1421 2606 suas

847 2626 872 2667 et
889 2619 988 2682 linguae
1002 2620 1151 2670 celeritatem
1167 2621 1269 2670 incitant
1280 2622 1422 2670 verborum·

847 2699 895 2748 que
903 2685 1039 2749 frequentia
1046 2686 1206 2735 delectantur.
1225 2686 1310 2749 Quint.
1321 2703 1344 2734 x
1356 2699 1379 2746 2,
1391 2699 1420 2734 ra

847 2765 897 2814 quo
925 2749 953 2799 fit
977 2756 1005 2798 ut
1030 2752 1110 2804 minus
1132 2752 1258 2816 sanguinis
1280 2768 1310 2802 ac
1331 2751 1421 2800 virium

846 2814 1042 2864 declamationes
1059 2816 1167 2864 habeant
1188 2833 1264 2881 qnam
1286 2817 1419 2878 orationes,

846 2880 914 2945 quod
923 2881 948 2935 in
958 2881 1009 2928 illis
1018 2896 1075 2930 vera
1083 2882 1109 2931 in
1116 2881 1155 2930 his
1163 2882 1306 2931 adsimilata
1315 2883 1421 2932 materia

846 2952 899 2995 est:
918 2946 951 2994 ib.
964 2958 978 3007 5
993 2950 1005 3004 5
1019 2955 1058 3009 17.

879 3014 1036 3070 veritatem,
1049 3010 1117 3060 ‘real
1128 3008 1187 3061 lile·

879 3091 903 3137 4.
921 3082 1028 3136 pectus,
1041 3077 1083 3126 the
1093 3078 1177 3126 mind:
1196 3093 1235 3141 ep.
1252 3076 1316 3126 Hor.
1328 3076 1380 3127 sat.
1392 3078 1420 3129 ii.

846 3155 870 3202 4,
879 3155 911 3204 90
920 3142 1031 3205 quamvis
1041 3143 1144 3191 memori
1153 3143 1242 3193 reseras
1251 3143 1312 3191 mihi
1321 3151 1421 3207 pectore

846 3213 941 3256 cuncta.
977 3205 1011 3255 So
1028 3207 1101 3270 again
1119 3208 1171 3257 Cic.
1186 3208 1217 3256 de
1234 3208 1277 3256 Or.
1294 3208 1329 3258 iii.
1346 3213 1417 3267 5121

845 3285 896 3318 non
918 3270 984 3320 enim
1006 3272 1088 3320 solum
1110 3273 1221 3322 acuenda
1244 3274 1315 3322 nobis
1339 3289 1420 3338 neque

846 3336 1006 3400 procudenda
1018 3337 1114 3401 lingua,
1126 3339 1170 3387 sed
1184 3339 1335 3387 onerandum
1352 3355 1419 3388 com·

846 3401 1013 3465 plcndumque
1025 3410 1110 3465 pectus
1122 3403 1283 3452 maximamm
1297 3419 1377 3453 rerum
1393 3412 1419 3454 et

846 3466 1007 3530 plurimarum
1019 3469 1146 3527 suavitate,
1159 3470 1240 3533 copia,
1253 3470 1363 3519 veritate.

879 3545 902 3593 5.
920 3535 1002 3580 bonis
1016 3569 1022 3581 .
1035 3567 1041 3580 .
1054 3537 1158 3584 malis.
1182 3533 1238 3583 The
1248 3535 1419 3584 enumeration

845 3595 1420 3664 showsthatthemoralaspectispromineut,as

845 3661 909 3710 Ann.
919 3662 952 3710 vi.
962 3661 1001 3721 36,
1015 3676 1044 3724 13
1052 3663 1118 3728 (quis
1126 3665 1270 3728 nequeboni
1278 3665 1419 3714 intellectus

845 3742 923 3790 neque
940 3727 1001 3775 mali
1019 3731 1087 3792 cura)
1101 3727 1151 3777 and
1166 3728 1306 3779 elsewhere.
1340 3730 1417 3793 John,

844 3807 877 3840 on
894 3791 937 3841 the
953 3792 1024 3842 other
1036 3792 1110 3851 hand,
1123 3793 1285 3843 understands
1300 3796 1421 3844 material

843 3857 909 3921 good
931 3856 980 3904 and
1000 3857 1161 3918 crib—what
1176 3875 1214 3908 we
1233 3867 1298 3909 meet
1313 3860 1375 3909 with
1392 3860 1418 3909 in

843 3921 961 3986 practical
973 3922 1032 3971 lise:
1050 3924 1103 3973 Cic.
1115 3923 1147 3972 de
1158 3924 1202 3972 Or.
1214 3925 1231 3974 i.
1245 3929 1257 3983 5
1270 3939 1301 3987 42
1314 3925 1377 3973 nihil
1393 3933 1419 3975 te

842 3987 874 4034 de
896 3988 967 4036 bonis
989 3990 1061 4037 rebus
1083 3989 1108 4036 in
1130 3987 1184 4038 vita
1204 3989 1267 4039 nihil
1289 3991 1321 4039 de
1343 3990 1418 4045 malis

842 4051 966 4110 didicisse,
980 4053 1023 4103 Or.
1037 4057 1049 4111 5
1066 4055 1119 4102 118.

875 4117 898 4166 6.
917 4121 1044 4168 subiecta
1060 4123 1097 4167 ed
1116 4120 1268 4168 dicendum
1288 4123 1416 4182 materia,

255 4198 292 4246 ²9·
312 4199 377 4233 cum
388 4187 533 4240 voluptate
545 4184 732 4231 andlentium.
750 4183 792 4231 Ad
841 4181 883 4230 the
895 4182 988 4244 subject
998 4189 1088 4232 matter
1096 4183 1125 4232 os
1133 4192 1238 4246 oratory,
1247 4187 1263 4246 r>
1272 4185 1417 4248 ὑποκειμένη

221 4249 330 4297 Herenn.
349 4253 361 4306 5
378 4263 390 4296 2
408 4264 463 4296 cum
481 4247 624 4296 adsensione
641 4248 789 4296 auditorum.
841 4245 896 4309 ὕλη.
937 4247 971 4296 So
989 4248 1042 4297 Cic.
1060 4248 1091 4298 de
1108 4249 1151 4297 Or.
1169 4249 1195 4298 ii.
1214 4254 1227 4308 5
1247 4249 1292 4298 116
1309 4251 1341 4299 ad
1359 4267 1416 4314 pro-

253 4318 293 4362 ³1.
313 4328 335 4361 2.
355 4329 425 4370 opus
442 4327 502 4361 esse
515 4348 521 4362 .
536 4348 562 4361 ..
579 4318 619 4361 ut.
654 4312 716 4360 This
733 4328 791 4362 con·

218 4379 347 4437 struction,
365 4378 446 4427 which
466 4393 550 4427 occurs
567 4378 592 4425 in
609 4377 712 4426 Tacitus
731 4377 791 4441 only

218 4443 284 4505 here,
298 4444 320 4492 is
334 4443 410 4492 found
425 4443 451 4492 in
467 4442 578 4501 Plautus,
590 4442 662 4492 Truc.
675 4459 701 4492 v.
719 4456 742 4500 1,
759 4457 786 4491 11

841 4312 949 4361 bandum
962 4320 1045 4361 autem
1057 4314 1150 4377 duplex
1159 4321 1196 4363 est
1204 4317 1296 4363 oratori
1305 4315 1417 4366 subiecta

841 4378 968 4426 materies:
995 4378 1028 4427 ib.
1051 4392 1072 4426 1.
1092 4383 1104 4436 5
1125 4392 1179 4438 201,
1198 4379 1233 4428 iii.
1253 4384 1265 4438 5
1285 4396 1324 4444 54.
1366 4381 1416 4446 Cp.

841 4442 941 4492 uberem
953 4443 985 4493 ad
996 4443 1128 4493 dicendum
1140 4448 1269 4494 materiam
1280 4445 1321 4501 87.
1336 4447 1374 4496 28.
