3046 5032
431 389 668 453 olnaocus
688 388 757 448 ou
778 389 1081 452 ORATORJBUS.
1295 407 1356 472 113

157 560 248 645 queri
260 579 360 643 quam
375 559 543 624 vindicari.
589 558 690 642 Quod
706 560 734 623 si
751 559 949 623 inveniretur
969 558 1080 643 aliqua
1095 559 1211 622 civitas
1234 559 1267 623 in
1290 581 1355 643 qua

157 693 256 736 nemo
279 681 440 754 peccaret,
463 692 683 754 supervacuus
707 679 794 736 esset
819 672 904 734 inter
922 671 1114 735 innocentes
1137 681 1248 736 orator
1272 672 1356 736 sicut

157 786 242 849 inter
250 804 349 849 sanos
366 783 522 848 medicus.
555 783 632 866 Quo
647 785 748 847 modo
760 793 873 846 tamen
886 782 1057 846 minimum
1073 804 1150 846 usus
1167 784 1354 847 minimum·

157 915 222 977 que
238 896 404 979 profectus
425 917 477 961 ars
499 896 660 960 medentis
680 896 781 960 habet
796 896 829 958 in
845 896 883 959 iis
898 895 1052 977 gentibus
1067 915 1151 976 quae
1167 895 1355 959 firmissima
1371 914 1403 951 10

156 1008 343 1073 valetudine
357 1029 397 1072 ac
411 1007 634 1072 saluberrimis
649 1008 842 1090 corporibus
852 1014 1000 1084 utuntur,
1012 1006 1058 1070 sic
1071 1007 1179 1070 minor
1189 1019 1355 1072 oratorum

156 1119 262 1185 honor
276 1120 510 1202 obscuriorque
525 1119 632 1203 gloria
647 1129 697 1184 est
713 1120 797 1183 inter
812 1118 918 1183 bonos
934 1138 1042 1183 mores
1057 1129 1091 1184 et
1110 1119 1143 1182 in
1158 1119 1355 1202 obsequium

157 1233 301 1316 regentis
319 1241 462 1314 paratos.
494 1231 585 1314 Quid
601 1232 689 1296 enim
704 1252 787 1315 opus
803 1239 853 1293 est
869 1230 977 1314 longis
993 1231 1026 1294 in
1041 1241 1158 1296 senatu
1175 1231 1356 1307 sententiis,

157 1365 232 1408 cum
248 1345 364 1427 optimi
381 1345 448 1408 cito
466 1344 695 1409 consentiant?
739 1344 829 1427 Quid
850 1343 961 1407 multis
983 1345 1073 1427 apud
1093 1344 1255 1427 populum
1279 1364 1356 1409 con·

156 1457 309 1535 tionibus,
324 1477 400 1521 cum
424 1458 467 1520 de
483 1478 517 1520 re
535 1456 668 1540 publica
683 1477 749 1520 non
768 1455 910 1537 imperiti
929 1465 962 1519 et
979 1454 1074 1520 multi
1090 1454 1281 1535 deliberent,
1296 1457 1354 1520 sed
1371 1469 1400 1520 Ῑ5

158 1569 415 1653 sapientissimus
438 1577 471 1632 et
498 1574 606 1633 unus?
651 1567 742 1652 Quid
765 1567 960 1632 voluntariis
982 1568 1256 1643 accusationibus,
1280 1588 1355 1632 cum

157 1689 226 1743 tam
237 1700 311 1744 raro
325 1689 359 1744 et
374 1688 443 1744 tam
455 1701 553 1763 parce
568 1685 744 1764 peccetur?
776 1679 865 1762 Quid
883 1679 1051 1743 invidiosis
1067 1687 1101 1742 et
1117 1680 1355 1744 excedentibus

158 1792 294 1855 modum
330 1791 585 1868 defensionibus,
621 1811 695 1856 cum
733 1789 908 1855 clementia
952 1792 1179 1874 cognoscentis
1222 1791 1355 1856 obviam

189 1940 211 1988 9.
229 1931 313 1974 tumen
330 1925 497 1989 Ev,cn1)H,
514 1925 572 1974 inde
590 1926 643 1985 AB,
660 1932 743 1974 autem
755 1924 893 1985 Michaelis,
906 1925 1005 1986 Novak,
1023 1925 1092 1974 enim
1111 1926 1254 1985 Heumann,
1268 1926 1356 1986 Halm,

157 1991 257 2039 Miiller.
358 2005 396 2042 12.
413 1992 492 2040 honor
499 1991 586 2049 Orelli,
598 1992 689 2040 domm
703 1991 785 2048 codd,
798 2007 847 2039 om.
865 1991 896 2038 A.
930 1991 1100 2054 obscuriorque
1112 1991 1221 2053 ABDH,
1232 1992 1360 2042 obscurior

158 2056 266 2116 EV,CA.
367 2070 404 2120 14.
420 2057 510 2120 optimi
525 2057 666 2117 Rhenanus,
678 2057 771 2121 optima
783 2056 856 2106 codd.

157 2149 255 2214 charge,
268 2151 373 2200 because
383 2151 452 2200 there
468 2166 510 2199 are
524 2166 557 2199 uo
572 2151 681 2214 grounds
692 2151 731 2199 for
817 2163 854 2200 12.
870 2153 962 2201 honor
980 2187 1007 2200 ..
1023 2185 1030 2199 .
1047 2153 1146 2208 gloria.
1187 2151 1234 2216 Cp.
1257 2154 1297 2202 12.
1319 2167 1356 2214 14,

157 2233 172 2264 a
189 2216 287 2280 charge.
328 2216 380 2265 For
395 2216 438 2266 the
456 2215 565 2280 thought
583 2232 622 2280 cp.
643 2219 682 2269 87.
701 2217 731 2265 18
781 2215 830 2265 and
843 2215 1020 2280 (figuratively)
1033 2216 1117 2266 Germ.
1131 2233 1153 2266 v.
1167 2231 1180 2280 5
1195 2233 1226 2267 ne
1240 2218 1357 2268 armentis

157 2297 220 2346 quae
234 2282 302 2330 mala
318 2281 380 2331 sicut
391 2297 442 2330 non
453 2283 563 2331 accidere
578 2282 666 2331 melius
680 2289 730 2332 est:
781 2281 881 2345 quidem
894 2297 952 2330 suus
963 2282 1044 2331 honor
1054 2289 1098 2330 ant
1108 2281 1189 2346 gloria
1199 2281 1293 2333 frontis.
1323 2282 1358 2332 So

158 2348 211 2396 luv.
222 2347 274 2396 viii.
291 2362 324 2411 94
339 2347 388 2396 Sed
405 2347 465 2412 quid
481 2347 610 2397 damnatio
627 2347 729 2406 confert,
781 2348 839 2396 laus
849 2345 978 2412 andfama
990 2363 1031 2397 are
1040 2348 1210 2410 conjoined,7.
1221 2363 1266 2400 11:
1281 2349 1356 2408 fama,

157 2414 204 2461 &c
240 2413 310 2460 With
326 2413 423 2470 melius,
435 2414 544 2476 longum,
555 2428 671 2477 acquum,
684 2416 729 2462 &c
781 2412 870 2476 gloria,
886 2412 947 2471 laus,
964 2414 1002 2462 18.
1022 2426 1050 2462 2:
1075 2414 1137 2471 lnnS,
1153 2413 1235 2477 gloria
1255 2417 1294 2465 26.
1317 2428 1355 2474 10,

157 2478 200 2526 the
214 2477 347 2527 indicative
361 2477 382 2526 is
398 2493 467 2527 more
483 2493 614 2528 common:
633 2479 687 2528 Cic.
700 2477 732 2528 de
782 2477 831 2526 and
843 2478 892 2527 line
905 2492 934 2526 22
946 2478 1037 2527 below.

158 2543 191 2594 N.
199 2545 232 2595 D.
241 2544 276 2592 iii.
286 2557 317 2605 33,
325 2542 450 2608 prohiberi
458 2543 544 2592 melius
552 2543 598 2593 fuit
606 2543 731 2608 impediri·
818 2556 855 2605 13·
872 2547 1006 2604 regentia,
1022 2542 1071 2606 obj.
1087 2559 1158 2606 gen:
1175 2559 1244 2593 more
1259 2544 1360 2608 usually

157 2623 205 2672 qne
216 2624 262 2658 ne.
276 2646 282 2658 .
296 2645 302 2658 .
314 2624 389 2673 quam
401 2608 483 2673 ipsum
494 2608 628 2673 aliquando
639 2624 732 2674 poenas
782 2623 841 2671 erga
852 2623 873 2657 c.
883 2623 944 2667 acc,
954 2607 1037 2657 Germ.
1047 2609 1105 2656 xliv.
1116 2622 1139 2671 5.
1162 2610 1255 2672 Regerc
1265 2610 1287 2658 is
1297 2610 1358 2659 used

157 2673 217 2722 dare
240 2674 334 2737 (Roby,
357 2676 446 2736 1535):
475 2672 507 2724 de
529 2674 578 2724 Off.
604 2674 638 2723 iii.
663 2679 676 2733 5
699 2688 732 2738 94
782 2673 1146 2738 intransitively,oftheprince
1177 2675 1246 2732 ,also
1256 2683 1282 2723 at
1291 2675 1355 2724 Aun.

157 2747 250 2803 quanto
267 2740 356 2787 melius
373 2740 451 2788 fuerat
469 2739 497 2788 in
515 2737 564 2788 hoc
582 2741 732 2805 promissum
782 2739 814 2787 iv.
827 2740 923 2801 33,18;
939 2739 992 2789 xiii.
1006 2754 1069 2802 3,4:
1084 2755 1124 2804 cp.
1159 2739 1219 2788 nint.
1232 2740 1268 2788 iii.
1279 2741 1302 2800 8,
1311 2751 1356 2803 47:

157 2805 234 2868 patris
245 2820 294 2853 non
305 2819 360 2854 esse
371 2812 500 2854 servatum.
535 2804 570 2854 So
591 2810 732 2870 oportuerat
782 2804 837 2853 Sen
850 2804 882 2854 de
892 2803 934 2853 Ira
943 2805 970 2852 ii.
983 2818 1056 2868 15,4.
1091 2805 1141 2854 For
1152 2812 1256 2868 paratos
1272 2805 1301 2853 in
1317 2821 1356 2870 cp.

158 2885 204 2934 pro
222 2868 289 2918 Mur.
312 2874 324 2929 ς
348 2884 386 2933 25.
420 2869 469 2934 Cp.
487 2871 601 2920 however
620 2870 652 2919 de
674 2869 731 2920 Seu.
783 2870 867 2932 Quint.
881 2886 905 2919 x.
919 2883 942 2933 5,
956 2869 1022 2918 rain
1037 2885 1123 2918 omues
1138 2885 1225 2919 causas
1242 2878 1356 2934 paratus:

159 2936 215 2994 §82
229 2935 319 2985 Nonne
332 2935 422 2984 melius
436 2935 515 2984 multo
527 2935 732 2985 fuissetotiosam
783 2935 851 2983 Hist.
873 2934 905 2984 iv.
930 2950 967 2999 32,
986 2936 1001 2984 8
1021 2941 1136 2998 paratum
1158 2935 1182 2983 in
1205 2951 1243 2984 res
1264 2951 1355 2988 novus:

157 3007 182 3048 et
193 3001 303 3065 quietam
314 3002 422 3049 aetutem
435 3036 441 3049 .
453 3036 459 3049 .
472 3036 479 3048 .
490 3000 633 3050 traduceret
782 3000 857 3064 Verg.
870 3002 933 3050 Aen.
945 3001 972 3050 ii.
984 2999 1013 3048 61
1027 3001 1053 3048 in
1064 3008 1194 3064 utrumqne
1204 3008 1311 3065 paratus.

191 3076 213 3129 7.
232 3069 353 3123 Quodsi
365 3068 550 3124 inveniretur,
563 3069 610 3116 &a
629 3067 680 3115 For
689 3066 732 3115 the
814 3069 907 3123 longia
920 3101 926 3114 .
937 3103 943 3116 .
953 3104 959 3116 .
970 3069 1128 3115 sententiis.
1146 3064 1201 3114 The
1209 3065 1312 3130 speaker
1321 3082 1356 3115 re·

158 3132 273 3195 thought,
290 3131 383 3181 Novak
405 3146 533 3194 compares
548 3132 635 3195 Quint.
658 3132 731 3182 Decl.
782 3146 838 3179 curs
849 3130 940 3180 hereto
949 3131 1016 3180 what
1023 3147 1075 3180 was
1083 3131 1138 3180 said
1146 3132 1172 3179 in
1189 3133 1227 3181 86.
1240 3143 1270 3194 27
1284 3134 1356 3181 ‘cum

157 3213 181 3262 p.
191 3211 230 3261 95,
243 3211 270 3244 21
282 3197 315 3245 Et
326 3212 385 3247 sane
395 3197 417 3246 si
429 3197 521 3246 iustitia
530 3197 612 3246 valeat
623 3197 684 3262 qnid
695 3207 731 3247 est
782 3211 870 3261 parum
889 3204 952 3246 esset
970 3196 996 3245 in
1018 3203 1103 3245 senatu
1124 3196 1230 3246 breviter
1244 3197 1356 3246 censere!

157 3262 317 3327 eloquentia?
333 3261 395 3328 qnid
413 3277 472 3326 ergo
489 3263 585 3311 civitati
603 3262 731 3313 conferunt
782 3263 807 3310 A
818 3261 979 3326 compliment
991 3261 1012 3311 is
1027 3261 1132 3326 implied
1148 3270 1175 3310 to
1185 3261 1227 3310 the
1238 3261 1356 3311 adminis-

159 3327 311 3392 (oratores)i
781 3327 873 3376 tration
890 3327 919 3376 of
933 3327 1070 3391 Vespasian
1088 3329 1106 3390 (‘
1116 3327 1310 3391 sapientissimus
1329 3335 1355 3378 et

190 3407 214 3457 9.
232 3397 295 3450 Quo
314 3396 399 3442 modo
478 3395 528 3442 aio.
570 3392 605 3442 So
623 3394 664 3444 25.
687 3406 731 3453 ¹03
781 3391 1356 3458 nnus'),tbonghthepicturcisanidealone.

158 3459 197 3508 86.
210 3472 256 3520 33;
273 3459 313 3508 89.
327 3459 350 3508 6.
817 3471 854 3520 14
872 3461 1227 3510 multia...oontionibur.
1255 3459 1301 3523 Cp.
1315 3461 1354 3509 ³6.

189 3529 290 3572 tamen
323 3523 391 3588 John
405 3522 492 3572 thinks
503 3524 558 3573 that
572 3530 656 3573 tumen
672 3538 731 3572 con·
784 3536 815 3572 10
834 3523 904 3573 Hinc
922 3523 1050 3573 contiones
1069 3523 1258 3588 magistratuum
1278 3539 1357 3588 paene

156 3595 224 3638 nects
240 3588 298 3638 well
314 3588 376 3639 with
393 3587 436 3637 the
453 3588 586 3653 preceding
603 3589 731 3653 imperfect
781 3588 1113 3653 pernoctantiuminrostris.
1131 3589 1182 3638 For
1190 3587 1233 3639 the
1240 3589 1356 3653 thought,

157 3653 322 3717 subjunctives
338 3654 732 3720 (inveniretur...supervacuns
782 3669 898 3717 compare
921 3655 1006 3718 Quint.
1028 3655 1062 3703 vi.
1085 3668 1106 3710 1,
1127 3667 1157 3717 35
1186 3655 1254 3720 quod
1279 3670 1357 3719 genus

156 3719 240 3833 esset).
262 3718 317 3767 The
328 3719 444 3783 meaning
452 3719 537 3768 would
545 3719 603 3770 then
613 3721 651 3779 be,
663 3720 732 3769 ‘that
781 3720 871 3768 nostris
880 3721 1034 3784 temporibus
1050 3725 1130 3768 totum
1142 3735 1220 3783 paene
1232 3720 1356 3769 sublatum

156 3783 178 3833 is
193 3800 210 3833 o
231 3799 316 3834 course
330 3801 362 3833 un
377 3784 542 3834 unrealizable
557 3784 631 3842 ideal,
643 3785 691 3833 and
702 3800 731 3834 so
781 3792 826 3844 est,
840 3799 897 3833 cum
908 3785 992 3834 omnia
1003 3800 1075 3834 curae
1086 3785 1225 3850 tutelaeque
1237 3786 1309 3833 unius
1320 3784 1356 3833 in-

156 3848 198 3899 the
214 3856 300 3898 orator
314 3849 335 3898 is
350 3856 394 3898 not
409 3849 547 3914 altogether
561 3849 730 3915 superfluous:
781 3849 840 3898 nixa
847 3850 981 3913 periclitari
992 3850 1061 3899 nullo
1072 3849 1158 3898 iudicii
1169 3850 1236 3898 exitu
1244 3850 1349 3914 possint.

157 3915 202 3964 but
219 3915 254 3963 all
271 3915 313 3964 the
334 3913 416 3971 same,’
432 3918 479 3966 &a
513 3915 569 3966 The
588 3915 690 3979 reading
709 3915 731 3964 is
817 3928 855 3976 15.
874 3916 1014 3964 multi-ol
1034 3913 1138 3966 nouat:
1160 3921 1192 3964 tr.
1209 3914 1269 3964 ‘the
1287 3913 1357 3964 unin-

156 3979 271 4030 however
286 3980 408 4029 doubtful.
781 3979 891 4030 structed
902 3977 992 4044 many?

191 4057 229 4096 10.
253 4049 401 4095 madentia.
437 4044 483 4095 See
509 4060 542 4094 on
564 4045 731 4110 cogrusccutr's,
817 4055 854 4107 17.
882 4060 972 4104 parce,
995 4043 1086 4095 almost
1107 4059 1273 4108 synonymous
1294 4043 1356 4093 with

156 4109 245 4160 below
782 4107 870 4169 ‘raro,’
897 4109 994 4173 though
1024 4108 1067 4158 the
1097 4109 1241 4159 translators
1271 4110 1357 4159 render

192 4188 231 4226 11.
249 4177 449 4226 saluberrimis.
490 4175 525 4224 So
546 4175 614 4224 Hist
630 4190 655 4226 v.
673 4174 731 4237 6,4
781 4171 1109 4238 ‘slight,'‘insignificant’:
1130 4190 1168 4238 cp.
1182 4174 1246 4225 Hor.
1264 4175 1323 4225 Car.
1340 4175 1357 4225 i.

156 4240 270 4306 Corpora
293 4241 423 4291 hominum
447 4240 555 4290 salubria
581 4247 607 4290 et
628 4240 731 4290 ferentia
784 4254 842 4303 25³¹
857 4240 958 4290 Parcius
971 4241 1142 4299 iunctas,&c.,
1156 4240 1206 4289 aud
1215 4239 1356 4304 Quintilian

155 4306 282 4358 labomm:
301 4309 367 4356 Anu.
385 4305 410 4355 ii.
428 4320 514 4368 33,14
530 4305 660 4356 salubritas
677 4322 730 4356 cor·
781 4304 926 4370 frequently.

157 4387 254 4436 porum.
290 4372 346 4422 The
368 4387 436 4421 sume
458 4386 501 4420 use
523 4371 552 4421 of
568 4371 619 4420 this
639 4371 689 4434 adj.
709 4371 730 4420 ia
799 4367 1163 4433 invidioula,‘hate·stirring.'
1174 4369 1243 4419 Hist.
1253 4369 1353 4431 i.33,1a.

156 4437 233 4486 tound
254 4437 279 4486 in
301 4437 365 4502 Livy
383 4437 432 4487 aud
453 4435 555 4496 Sallust,
576 4439 621 4487 but
640 4444 685 4487 not
705 4435 731 4484 in
815 4437 853 4486 18.
870 4438 1074 4494 commentia.
1115 4435 1166 4484 For
1182 4435 1225 4484 the
1243 4437 1354 4484 snbstan-

156 4501 253 4553 Cicero.
781 4501 842 4551 tivul
857 4515 900 4552 use
916 4501 946 4552 of
958 4500 1001 4552 the
1017 4499 1155 4566 participle,
1173 4515 1213 4566 cp.
1225 4501 1353 4558 medentis,

748 4605 762 4663 Ι
