3046 5032
425 374 664 440 DIALOGUS
683 374 752 438 DE
774 374 1076 440 ORATORIBUS.
1309 391 1347 456 17
1451 453 1455 461 .

151 545 296 630 Quinam
322 547 523 615 inlustriores
547 557 625 614 sunt
651 549 685 613 in
711 548 792 612 urbe
817 568 884 612 non
910 547 1017 612 solum
1042 545 1132 631 apud
1155 546 1347 630 negotiosos
1445 635 1448 639 Δ

151 670 184 723 et
200 661 297 724 rebus
312 663 465 739 intentos,
477 665 534 727 sed
550 662 650 726 etiam
667 661 755 744 apud
773 663 907 725 iuvenes
923 681 1044 724 vacuos
1059 670 1093 724 et
1108 659 1345 732 adulescentes,

150 773 271 852 quibus
293 775 394 837 modo
416 785 450 838 et
472 784 563 837 recta
585 774 713 854 indoles
735 782 841 837 estet
864 773 952 837 bona
974 793 1050 855 spes
1076 772 1150 835 sui?
1194 770 1347 854 Quorum

150 886 285 948 nomina
314 887 405 967 prius
435 896 588 969 parentes
621 886 733 950 liberis
762 885 829 949 suis
858 886 1035 968 ingerunt?
1086 882 1180 965 Quos
1217 883 1346 966 saepius
1362 905 1390 956 ¹5

83 1003 99 1036 Ν
149 995 267 1078 vulgus
290 1018 422 1080 quoque
445 999 632 1082 imperitum
656 1007 692 1062 et
713 998 880 1061 tunicatus
902 996 955 1059 hic
978 994 1121 1079 populus
1141 999 1346 1059 transeuntes

149 1109 284 1171 nomine
305 1120 403 1173 vocat
426 1118 460 1173 et
482 1110 587 1192 digito
608 1111 837 1173 demonstrat?
880 1108 1042 1171 Advenae
1064 1127 1197 1189 quoque
1218 1117 1253 1172 et
1275 1126 1348 1191 per-

149 1219 252 1300 egrini
279 1221 400 1284 iamin
422 1222 605 1304 municipiis
631 1229 666 1284 et
691 1220 828 1285 coloniis
854 1221 921 1285 suis
946 1220 1085 1294 auditos,
1104 1238 1179 1282 cum
1203 1221 1347 1303 primum

149 1331 265 1393 urbem
282 1333 473 1416 attigerunt,
489 1333 660 1415 requirunt
675 1353 713 1396 ac
732 1332 825 1396 velut
839 1333 1042 1414 adgnoscere
1058 1331 1302 1415 concupiscunt.

193 1445 231 1510 8.
263 1442 382 1507 Ausim
399 1443 808 1509 contendereMarcellum
828 1443 915 1507 hunc
932 1443 1080 1527 Eprium,
1096 1445 1138 1507 de
1159 1463 1225 1524 quo
1246 1444 1348 1506 modo

148 1553 278 1620 locutus
292 1577 374 1634 sum,
390 1565 425 1621 et
440 1555 593 1640 Crispum
605 1556 744 1620 Vibium
761 1553 931 1642 (libentius
947 1556 1035 1618 enim
1051 1554 1145 1620 novis
1161 1565 1195 1619 et
1210 1555 1349 1620 recenti-

184 1729 221 1765 12.
241 1716 347 1780 quinam
364 1716 515 1766 illustriores
532 1716 627 1765 Orelli:
646 1716 693 1779 qui
708 1731 759 1764 non
776 1716 888 1764 illustres
904 1715 986 1771 codd..
1004 1715 1052 1779 qui
1069 1723 1121 1764 tom
1139 1714 1250 1764 illustres
1266 1715 1347 1764 Bo'tti·

148 1779 214 1840 cher,
227 1781 349 1845 quidnam
361 1782 489 1830 illustrius
498 1789 534 1830 est
544 1781 645 1830 Steiner.
673 1782 782 1846 Perhaps
796 1783 849 1842 Qui
859 1782 939 1844 magis
950 1781 1082 1830 illustres?
1105 1789 1167 1830 sunt
1183 1781 1305 1845 Schopen,
1323 1786 1349 1828 et

149 1847 221 1895 codd.
289 1861 326 1908 13.
345 1847 445 1895 iuuenes
455 1862 561 1896 vacuoss
584 1847 685 1896 iuvenes
693 1847 861 1908 ACDEV2H,
873 1847 1054 1895 vacuosBand
1065 1855 1131 1895 most
1142 1846 1198 1895 edd.
1269 1859 1306 1908 14
1323 1851 1350 1894 et

149 1919 214 1959 recta
232 1912 253 1959 B
270 1914 305 1968 (et
319 1914 414 1961 written
432 1913 458 1960 in
474 1913 553 1962 above
569 1913 612 1960 the
629 1913 680 1960 line
698 1913 731 1974 by
748 1913 790 1961 the
811 1927 879 1961 same
895 1911 982 1974 hand),
1000 1918 1066 1960 recta
1083 1919 1107 1960 et
1122 1912 1263 1972 AV,CAD,
1282 1917 1348 1959 recta

150 1976 279 2025 EHalm.
309 1984 311 1988 '
354 1977 447 2026 indoles
463 1983 498 2026 est
519 1977 676 2037 ABCADH,
697 1977 790 2026 indoles
807 1977 872 2037 Ev,
890 1992 930 2026 see
948 1977 1043 2025 Introd.
1061 1993 1086 2040 p.
1102 1977 1167 2025 lxxx.
1213 1977 1346 2027 Gudeman

148 2049 262 2105 suggests
274 2042 365 2091 ‘modo
382 2050 448 2091 recta
463 2049 500 2092 est
516 2042 613 2092 indoles
628 2049 653 2092 et
670 2045 735 2092 bona
750 2058 807 2106 spes
823 2040 876 2091 sui!
910 2041 1024 2104 Possibly
1036 2041 1141 2106 ‘quibus
1152 2043 1229 2092 modo
1240 2042 1303 2091 ratio
1314 2042 1348 2090 sit

149 2115 173 2154 et
183 2107 280 2156 indoles
290 2106 312 2157 τ’
329 2123 368 2171 cp.
379 2108 421 2157 the
430 2123 473 2156 use
482 2107 511 2156 oi
520 2111 526 2134 ‘
534 2107 647 2165 indoles:
660 2108 713 2157 Cic.
726 2108 796 2157 Verr.
807 2107 843 2155 iii.
857 2111 870 2165 ς
881 2105 936 2158 160.
1011 2120 1049 2170 15.
1069 2108 1173 2156 mnino
1182 2107 1349 2167 EV2CADH,

149 2177 184 2220 nt
192 2173 246 2222 AB.
348 2186 385 2237 19.
403 2174 472 2221 uelut
479 2180 544 2221 most
555 2173 639 2234 codd,
649 2173 709 2221 uult
720 2173 773 2222 HV
784 2175 835 2237 Sp,
844 2173 931 2222 uultus
942 2173 998 2223 Put.
1010 2172 1157 2224 Acidalius:
1175 2188 1214 2237 cp.
1227 2177 1267 2227 26.
1280 2187 1292 2221 a
1296 2186 1321 2234 3,

149 2322 213 2371 traiu
230 2321 259 2370 oi
271 2322 358 2371 favour
369 2337 397 2370 or
408 2322 558 2386 popularity.
593 2323 643 2372 For
653 2321 725 2371 uenit
775 2323 839 2372 Hor.
858 2323 904 2385 Ep.
922 2323 938 2371 i.
952 2331 975 2386 7,
990 2321 1021 2384 65
1041 2322 1102 2372 vilia
1120 2322 1266 2373 vendentem
1284 2320 1351 2372 tuni·

149 2404 188 2451 cp.
197 2388 317 2438 Annicia
327 2400 367 2450 53,
378 2388 643 2452 14studia...quibus
652 2388 724 2436 clari·
775 2398 831 2438 cato
854 2394 937 2438 scruta
956 2388 1066 2452 popello.
1100 2389 1226 2452 Augustus
1247 2389 1350 2438 forbade

147 2455 210 2502 tudo
220 2454 295 2514 venit,
305 2453 401 2503 ‘which
412 2452 476 2502 have
486 2469 542 2502 won
554 2450 708 2516 reputation’
775 2455 874 2504 citizens
889 2460 917 2501 to
933 2468 1025 2518 appear
1036 2454 1061 2502 in
1077 2453 1120 2502 the
1135 2454 1215 2502 iorum
1231 2470 1260 2502 or
1270 2454 1350 2503 circus

185 2532 222 2566 12.
244 2522 369 2574 Quinam
387 2534 473 2568 occurs
491 2518 606 2567 nowhere
625 2517 676 2567 else
698 2517 724 2566 iu
774 2520 878 2567 without
889 2519 931 2567 the
941 2527 1002 2582 toga
1015 2517 1093 2582 (Suet.
1105 2519 1171 2582 Aug.
1183 2517 1236 2581 40).
1264 2519 1295 2567 In
1305 2519 1350 2567 the

149 2583 190 2632 the
200 2584 327 2647 Dialogus.
361 2583 453 2632 Novak
464 2584 536 2633 reads
546 2583 599 2648 qui,
608 2582 725 2645 thinking
774 2591 877 2647 country
885 2585 907 2632 it
918 2599 969 2633 was
980 2583 1076 2632 seldom
1087 2599 1170 2633 worn:
1187 2585 1244 2648 Juv.
1256 2584 1347 2645 iii.171

149 2649 203 2697 that
214 2665 264 2697 non
275 2651 300 2697 in
312 2650 354 2698 the
366 2649 469 2712 reading
480 2649 510 2698 oi
522 2649 565 2697 the
576 2648 649 2698 MSS.
665 2647 726 2712 (qui
774 2665 832 2713 pars
851 2649 1047 2712 magnaItaliae
1064 2656 1100 2698 est
1112 2685 1117 2697 .
1132 2685 1138 2698 .
1150 2685 1156 2696 .
1168 2650 1193 2696 in
1210 2665 1259 2713 qua
1275 2664 1350 2698 nemo

149 2716 210 2776 non)
222 2730 279 2776 may
290 2714 353 2764 have
363 2716 425 2764 been
436 2715 543 2763 inserted
555 2714 589 2776 by
600 2730 615 2762 a
627 2714 724 2776 copyist
773 2725 859 2778 togam
879 2715 954 2763 sumit
969 2715 1017 2763 nisi
1038 2721 1165 2763 mortuus:
1186 2730 1226 2779 cp·
1249 2714 1303 2764 Cic.
1322 2715 1349 2763 in

150 2780 207 2827 who
216 2780 260 2827 did
271 2787 315 2828 not
327 2795 367 2829 see
375 2780 429 2828 that
441 2779 509 2829 there
517 2781 723 2842 wasaquestion.
774 2779 843 2856 Rull.
858 2779 884 2826 ii.
903 2782 916 2836 §
935 2794 974 2857 94⁴
984 2781 1039 2828 Iam
1058 2794 1117 2830 vero
1136 2781 1180 2843 qui
1198 2786 1278 2828 metus
1297 2789 1349 2830 erat

149 2847 726 2974 attituletur&illut&
773 2845 1236 2974 illitu,.¹,¹¹t¹tll·.ltlr.}z
1252 2855 1348 2969 lizi

149 2974 205 3023 The
227 2976 297 3023 usual
320 2976 421 3038 reading
442 2976 556 3025 ‘iuvenes
577 2981 602 3024 et
625 2975 723 3024 adules-
776 2985 804 3038 17
827 2975 901 3037 (lrom
924 2973 1011 3039 Spain)
1032 2975 1121 3038 Ignota
1140 2983 1178 3024 est
1197 2983 1264 3040 toga.
1298 2975 1348 3039 Cp.

148 3041 243 3089 centes'
254 3041 323 3103 gives
336 3056 369 3088 no
385 3041 513 3090 antithesis
527 3048 555 3089 to
567 3041 725 3104 ‘negotiosos
773 3047 830 3090 note
842 3055 874 3088 on
886 3047 1025 3102 togatorum
1038 3043 1110 3102 6.14.

83 3110 88 3119 '
148 3113 172 3154 et
200 3106 272 3154 rebus
300 3103 422 3155 intentos!
460 3108 560 3165 Vacuos,
589 3105 671 3165 which
702 3105 726 3154 is
809 3115 845 3168 17.
864 3109 955 3162 digito
973 3108 1153 3155 demonstrat.
1186 3105 1221 3154 So
1243 3105 1296 3155 Cic.
1317 3105 1349 3155 de

148 3171 225 3219 found
244 3171 304 3234 only
325 3171 350 3218 in
369 3171 398 3229 B,
416 3187 468 3219 was
485 3171 607 3235 probably
628 3171 724 3219 written
774 3171 839 3235 Rep.
850 3172 883 3220 vi.
898 3171 943 3220 26:
960 3171 992 3219 de
1003 3171 1045 3220 Or.
1053 3171 1080 3220 ii.
1094 3169 1156 3221 266:
1174 3187 1213 3235 cp.
1225 3179 1349 3220 monstror

150 3235 723 3300 abovethelineinthearchetype(Gudemau).
774 3237 853 3300 digito
871 3236 1076 3299 praetereuntium
1094 3235 1159 3284 Hor.
1174 3237 1221 3286 Od.
1234 3238 1266 3285 iv.
1281 3251 1303 3299 3,
1317 3251 1349 3284 aa

184 3313 221 3362 15.
239 3305 382 3361 ingerunt,
402 3302 460 3349 ‘din
488 3301 540 3350 into
568 3301 632 3350 their
654 3296 725 3351 ears?
773 3303 822 3350 and
840 3303 906 3350 Pers.
920 3302 935 3353 i.
949 3303 986 3351 28.
1021 3301 1059 3350 Ol
1071 3301 1113 3350 the
1129 3301 1207 3364 finger
1224 3302 1253 3351 of
1266 3317 1348 3362 scom,

150 3366 197 3430 Cp.
205 3366 271 3413 Anu.
283 3366 308 3414 ii.
322 3375 362 3428 79,
373 3380 402 3428 13
412 3366 607 3430 magnitudinem
618 3367 723 3430 impera·
774 3367 990 3426 δακτυλοδεικτεΐν,
1010 3366 1141 3416 Demosth.
1154 3376 1216 3430 790:
1234 3383 1275 3431 cp.
1292 3369 1348 3415 dou-

149 3431 209 3478 toris
220 3431 357 3480 identidem
369 3433 492 3495 ingerens:
512 3432 581 3480 Hist.
590 3432 622 3480 iv.
633 3433 672 3494 78,
684 3445 693 3478 1
708 3447 725 3478 a
773 3431 935 3492 τυλοδεικτός,
944 3431 1033 3481 Aesch.
1045 3433 1137 3495 Agam.
1150 3446 1222 3494 1332·

149 3496 253 3544 tribunis
262 3497 439 3561 praefectisque
447 3498 534 3546 eadem
542 3497 723 3561 ingerebantur.
809 3499 846 3546 18.
864 3501 985 3546 auditos.
1004 3498 1055 3545 For
1066 3499 1137 3560 this(
1157 3497 1258 3561 oetical)
1271 3514 1343 3547 use=

149 3562 183 3609 So
195 3561 428 3626 osacompliment,
440 3563 505 3610 Anu.
518 3563 533 3610 i.
547 3571 587 3624 72,
599 3575 613 3622 3
632 3576 723 3610 nomen
774 3563 866 3612 ‘heard
885 3561 927 3623 oi,’
949 3578 988 3627 cp.
1008 3561 1074 3612 Hist.
1090 3563 1116 3611 ii.
1136 3514 1158 3622 i),
1179 3565 1193 3611 8
1222 3564 1348 3626 auditique

149 3627 225 3689 patris
244 3628 338 3689 patriae
355 3663 361 3675 .
381 3664 386 3676 .
404 3664 411 3676 .
428 3643 444 3676 a
460 3627 556 3691 populo
572 3627 670 3690 saepius
687 3627 725 3674 in-
773 3629 907 3692 saepius..
923 3664 928 3676 .
943 3629 1061 3677 Caesares
1078 3644 1153 3692 quam
1169 3630 1288 3693 inspecti:
1312 3630 1347 3681 ib.

149 3698 261 3753 gestum:
279 3708 348 3741 more
359 3691 456 3756 usually
467 3693 495 3741 of
503 3693 657 3757 reproaches,
666 3694 723 3751 δια,
773 3693 789 3740 i.
802 3692 842 3754 86,
855 3695 885 3742 8:
903 3693 987 3742 Germ.
1001 3693 1043 3741 xli.
1056 3695 1088 3741 ad
1100 3694 1157 3745 fin:
1181 3695 1227 3744 Ov.
1240 3695 1302 3743 Met.
1314 3695 1347 3743 vi.

150 3773 177 3806 as
187 3758 221 3806 ib.
233 3757 265 3805 iv.
275 3772 315 3818 42,
328 3774 351 3821 4.
775 3768 830 3821 170.
863 3758 943 3806 Wolff
957 3773 1085 3822 compares
1101 3760 1155 3807 also
1166 3759 1231 3808 Plin.
1244 3760 1292 3823 Ep.
1304 3760 1347 3809 vii.

184 3821 221 3870 16.
239 3826 342 3880 vulgus
364 3826 527 3880 imperitum
555 3837 643 3872 occurs
669 3821 725 3871 also
775 3837 813 3887 19,
828 3834 841 3885 7
854 3822 958 3872 feminae
969 3838 1032 3886 quae
1043 3824 1163 3886 leguntur.

149 3888 214 3935 Anu.
224 3887 249 3934 ii.
258 3900 294 3948 77,
304 3901 341 3936 11.
354 3889 402 3952 Cp.
409 3888 448 3938 ch.
455 3891 514 3950 19.9
523 3888 724 3951 below,populus
808 3903 845 3952 19.
863 3893 944 3938 velut
961 3892 1138 3946 adgnoscere.
1175 3888 1246 3951 They
1262 3903 1348 3951 recog·

149 3962 176 4000 ut
197 3953 324 4016 imperitus
341 3960 366 4002 et
388 3954 463 4002 rudis.
497 3953 584 4002 Cicero
602 3968 661 4015 very
676 3953 724 4000 ire·
773 3955 825 4002 nise
836 3954 903 4002 them
921 3954 954 4016 by
966 3954 1030 4002 their
1040 3954 1208 4017 descriptious,
1222 3961 1266 4002 not
1282 3955 1348 4003 irotn

149 4019 252 4081 quently
263 4019 308 4067 has
320 4018 470 4067 ‘multitudo
478 4015 607 4082 imperita'
614 4034 621 4066 ι
640 4017 688 4066 and
697 4018 723 4065 in
773 4019 865 4082 haring
873 4033 930 4068 seen
937 4019 1003 4067 them
1015 4019 1169 4083 previously;
1185 4019 1260 4068 hence
1269 4019 1346 4069 uelut.

150 4100 195 4146 pro
206 4084 271 4132 Mur.
286 4088 298 4141 5
313 4085 343 4145 38
359 4084 448 4146 vulgus
465 4084 642 4146 imperitorum.
688 4081 723 4131 So
776 4084 823 4148 Cp.
834 4087 856 4133 8.
868 4097 906 4143 10,
919 4085 967 4132 and
980 4084 1018 4136 17.
1026 4084 1058 4131 ad
1068 4083 1123 4130 fin:
1141 4083 1226 4146 Quint.
1238 4084 1270 4132 vi.
1282 4097 1305 4143 2,
1316 4097 1346 4145 13

150 4148 235 4210 Quint.
248 4149 281 4197 vi.
292 4164 315 4211 4,
327 4147 342 4197 6
354 4149 475 4212 imperitis
487 4165 517 4197 ac
528 4163 602 4212 saepe
613 4147 723 4213 pullatae
773 4165 854 4198 mores
871 4150 975 4198 dicentis
992 4164 1023 4198 ex
1039 4149 1149 4197 oratione
1166 4149 1306 4212 pelluceant
1322 4156 1347 4197 et

151 4215 237 4262 turbae
248 4214 395 4277 relinquunt.
773 4213 956 4278 quodammodo
964 4215 1151 4276 adgnoscuntur.

182 4282 324 4327 tunicatus
332 4281 516 4335 hicnopulus.
540 4277 594 4328 The
603 4278 724 4328 reference
805 4284 831 4329 8.
846 4292 866 4328 a.
879 4282 982 4326 Vibius
992 4281 1108 4335 crispus
1117 4279 1166 4339 (ior
1173 4277 1215 4327 the
1223 4277 1348 4328 inversion

149 4345 171 4391 is
188 4350 215 4391 to
232 4343 274 4391 the
291 4358 381 4407 poorer
398 4343 496 4403 classeS,
506 4343 564 4392 who
582 4343 642 4407 only
658 4359 724 4392 wore
773 4345 799 4393 in
815 4344 857 4392 the
874 4350 934 4402 text,
946 4359 986 4392 see
1003 4359 1035 4391 on
1049 4341 1107 4405 1.1)
1119 4357 1171 4390 was
1189 4360 1204 4393 a
1221 4344 1303 4392 native
1321 4343 1351 4393 of

150 4409 192 4457 the
214 4414 274 4471 toga
296 4424 329 4456 on
354 4414 417 4456 state
439 4409 582 4458 occasions:
611 4417 640 4459 tr.
664 4409 723 4457 ‘the
774 4407 909 4465 Vercellae,
933 4408 990 4456 who
1012 4407 1063 4456 had
1080 4408 1182 4471 already
1205 4408 1263 4457 held
1285 4407 1349 4471 high

150 4473 243 4538 people
264 4473 291 4522 iu
317 4471 383 4525 their
402 4472 516 4537 working
542 4471 654 4524 clothes!
688 4473 723 4523 So
773 4473 843 4526 office
859 4475 936 4524 under
947 4474 1024 4535 Nero,
1035 4473 1085 4522 and
1096 4471 1155 4522 who
1171 4472 1303 4524 continued
1320 4483 1349 4524 to

742 4567 767 4621 C
