3046 5032
87 4520 93 4587 l

391 368 627 433 DIALOGUS
648 369 716 430 DE
738 366 1040 430 ORATORIBUS.

1272 366 1313 450 ⁶3

118 549 152 604 et
182 538 338 604 insulsam
375 540 616 616 scurrilitatem,
645 540 750 605 variet
779 538 1064 620 compositionem,
1103 557 1162 602 nec
1198 557 1314 602 omnes

118 650 281 715 clausulas
298 673 362 715 uno
379 661 412 716 et
429 653 545 715 eodem
563 654 663 718 modo
679 653 884 716 determinet.

162 765 222 832 23.
246 763 337 826 ΝοΙο
361 765 503 828 inridere
529 773 654 828 rotam
682 765 885 828 Fortunae
911 771 945 826 et
971 762 1034 826 ius
1059 761 1257 825 verrinum
1281 770 1315 824 et

118 875 198 938 illud
221 877 319 939 tertio
343 896 477 958 quoque
499 897 594 939 sensu
619 878 652 939 in
675 877 828 941 omnibus
843 874 1047 940 orationibus
1069 895 1129 958 pro
1153 875 1316 937 sententia

118 988 264 1069 positum
287 1010 372 1052 esse
394 990 586 1052 videatur.
631 989 720 1052 Nam
744 1000 778 1053 et
796 989 877 1052 haec
899 988 1020 1050 invitus
1043 985 1154 1050 rettuli
1170 996 1203 1050 et
1221 986 1316 1069 plura

118 1100 223 1176 omisi,
250 1120 336 1182 quae
361 1110 473 1164 tamen
502 1099 572 1164 sola
599 1101 761 1166 mirantur
789 1112 890 1183 atque
919 1100 1110 1181 exprimunt
1140 1098 1162 1160 ii
1192 1097 1249 1180 qui
1278 1118 1315 1161 se

117 1212 272 1294 antiquos
287 1223 433 1276 oratores
447 1223 576 1276 vocant.
623 1212 799 1276 Neminem
816 1211 1003 1288 nominabo,
1019 1231 1122 1293 genus
1141 1210 1313 1273 hominum
1328 1220 1342 1272 5

118 1322 319 1404 significasse
342 1334 535 1399 contentus3
569 1324 628 1388 sed
651 1324 746 1387 vobis
772 1324 887 1406 utique
911 1331 1082 1387 versantur
1102 1331 1180 1385 ante
1202 1320 1315 1386 oculos

119 1435 173 1499 isti
192 1435 248 1517 qui
268 1436 432 1500 Lucilium
448 1458 509 1520 pro
529 1437 672 1500 Horatio
688 1445 721 1499 et
738 1436 928 1501 Lucretium
950 1456 1011 1518 pro
1027 1435 1175 1518 Vergilio
1191 1433 1315 1517 legunt,

153 1593 190 1642 25.
208 1580 327 1628 terminet
337 1580 444 1644 Lipsius.
689 1610 691 1615 >

151 1649 194 1693 28.
215 1659 235 1694 1.
252 1646 386 1693 vcm’num
398 1645 563 1706 Ev,anH,
576 1646 705 1695 verrinum
716 1645 770 1695 ΑΒ.

926 1658 949 1706 3.
967 1643 1095 1694 invitusB
1106 1660 1178 1702 corn,
1190 1642 1315 1692 invitatus

119 1711 192 1759 codd.
271 1725 294 1772 5.
311 1717 399 1760 vocant
410 1711 518 1776 Lipsius,
530 1712 641 1760 vocitant
651 1710 835 1772 Schurzfleisch,
846 1710 964 1760 vocabant
975 1711 1047 1760 codd.
1124 1721 1146 1775 7.
1164 1708 1210 1758 isti
1219 1708 1314 1757 ABDE

119 1783 180 1838 (om.
193 1776 243 1824 CH
256 1777 304 1825 and
316 1777 372 1825 edd.
384 1784 458 1827 vett:
477 1776 525 1826 del.
538 1781 583 1835 b):
602 1776 646 1825 illi
656 1777 743 1827 Halm.

154 1914 191 1964 24.
209 1903 417 1960 scurrilitatem,
427 1899 602 1963 ‘bullonnery.'
619 1899 692 1949 Simi-

120 1965 156 2015 lar
173 1967 286 2015 cautione
301 1982 342 2015 are
359 1966 433 2029 given
449 1966 473 2014 in
490 1967 544 2016 Cic.
560 1967 591 2014 de
609 1966 652 2014 Or.
665 1967 691 2016 ii.

64 2066 69 2070 -
122 2037 134 2089 §
157 2043 203 2094 237
225 2047 278 2096 sqq.
299 2031 406 2096 nequid
427 2033 518 2080 insulse
598 2048 630 2081 ne
648 2039 691 2081 aut

119 2097 227 2147 scurrilis
247 2099 366 2146 incussit
385 2106 428 2146 aut
448 2098 562 2146 mimicus
582 2099 607 2159 (ξ
622 2097 691 2160 239),

120 2163 227 2211 scurrilis
250 2164 344 2211 oratori
364 2162 482 2212 dicacitas
504 2179 596 2226 magno
619 2179 692 2227 opere

120 2228 236 2292 fugienda
248 2235 284 2276 est
297 2228 323 2289 (5
338 2230 405 2292 244),
416 2231 536 2291 temporis
544 2229 619 2292 igitur
628 2229 692 2276 ratio

119 2301 144 2343 et
167 2294 244 2357 ipsius
265 2293 404 2343 dicacitatis
423 2294 561 2342 moderatio
584 2302 610 2343 et
632 2299 692 2342 tem·

120 2358 231 2422 perantia
256 2364 281 2407 et
304 2358 392 2408 raritas
413 2359 536 2409 dictorum
558 2359 691 2422 distinguet

120 2432 242 2473 oratorem
271 2439 286 2472 a
314 2440 397 2473 scurra
424 2426 450 2486 (ᾗ
480 2425 556 2489 247):
584 2440 625 2488 cp.
647 2425 691 2474 Or.

122 2491 184 2548 588,
198 2489 247 2537 aud
259 2489 343 2551 Quint.
355 2489 388 2538 vi.
401 2503 425 2550 3,
439 2504 476 2552 29.

152 2559 243 2604 variet
260 2558 502 2611 compositionem.
536 2554 590 2604 The
602 2555 691 2618 charge

121 2621 218 2683 against
230 2620 319 2669 Cicero
329 2636 381 2668 was
398 2621 452 2670 that
469 2620 501 2669 he
517 2620 646 2684 neglected
664 2627 691 2668 to

121 2686 154 2733 do
174 2685 238 2734 this:
262 2684 317 2734 Sen.
337 2685 385 2749 Ep.
404 2698 458 2745 too,
478 2689 518 2748 §7
535 2685 602 2749 Lege
620 2685 691 2734 Cice·

120 2767 221 2800 ronem:
240 2751 391 2814 compositio
407 2751 459 2800 eius
475 2767 523 2799 una
539 2758 586 2810 est,
602 2750 692 2815 pedem

120 2823 201 2865 servat
212 2816 279 2864 lenta
291 2824 314 2864 et
327 2817 378 2865 sine
389 2816 492 2865 iufamia
504 2816 595 2865 mollis.

120 2895 193 2996 he²i⁵s
206 2884 356 2996 tetiaailvsdiclloea
372 2885 691 3010 Ednpltqqqqqqnqnaifprg

121 3012 284 3074 ‘rhythmical
296 3011 402 3076 ending?
425 3012 471 3061 See
483 3029 515 3061 on
526 3012 575 3061 this
587 3027 692 3077 passage

121 3077 152 3126 de
164 3078 207 3126 Or.
220 3077 256 3125 iii.
270 3081 283 3135 5
298 3091 342 3140 192
356 3077 481 3142 sq.where
492 3078 590 3134 Cicero,
603 3078 691 3141 speak-

121 3144 164 3206 ing
173 3143 202 3191 of
211 3149 216 3169 ¹
225 3143 365 3192 clausulae'
377 3159 432 3208 says
445 3144 484 3191 ‘in
496 3143 607 3192 oratione
618 3143 692 3207 pauci

121 3209 228 3271 primum
236 3216 344 3263 cernunt.
353 3216 479 3272 postrema
490 3209 616 3272 plerique:
628 3223 692 3272 qnae

121 3274 239 3338 quoniam
254 3282 376 3337 apparent
390 3279 415 3322 et
431 3273 615 3337 intelleguntur,
627 3273 691 3322 vari·

121 3340 186 3387 anda
201 3347 263 3399 sunt,
277 3354 308 3388 ue
325 3346 368 3388 aut
386 3338 523 3388 animorum
543 3337 641 3388 iudiciis
655 3355 691 3388 re·

121 3404 253 3468 pudientur
278 3411 321 3453 aut
349 3405 443 3453 aurium
473 3401 601 3454 satietate!
643 3404 690 3468 Cp.

122 3470 195 3529 rboth
213 3469 251 3518 sor
269 3468 422 3519 ‘clausulae'
441 3469 490 3518 and
507 3470 546 3518 sor
562 3468 655 3533 variety
667 3468 696 3517 ol

121 3535 220 3597 rhythm
239 3535 375 3597 generally)
394 3535 436 3584 Or.
456 3540 485 3594 ἐς
503 3548 623 3585 rra-rao.
657 3535 692 3583 So

121 3601 193 3664 again
211 3600 240 3648 of
258 3601 352 3659 Cicero,
371 3600 465 3650 Seneca
485 3601 532 3664 Ep.
554 3603 638 3663 11425
662 3598 691 3647 16

121 3665 180 3730 quid
198 3665 240 3713 illa
257 3666 282 3713 in
299 3667 367 3714 exitu
383 3666 450 3714 lenta
462 3670 508 3724 (sc.
520 3665 691 3729 compositio),

121 3731 201 3794 qualis
218 3731 345 3780 Ciceronis
361 3738 408 3791 est,
425 3731 519 3779 devexa
539 3738 563 3780 et
582 3731 693 3780 molliter

121 3797 231 3845 detinens
241 3811 286 3844 nec
299 3796 372 3845 aliter
383 3811 457 3860 quam
469 3796 541 3852 solet,
553 3796 585 3844 ad
598 3811 691 3845 morem

122 3878 192 3910 suurn
215 3861 352 3926 pedemque
376 3862 542 3925 respondensl
578 3862 627 3909 For
649 3877 692 3909 nec

123 3966 128 3976 .
142 3965 148 3976 .
163 3965 168 3976 .
180 3927 338 4040 geterminet,
352 3942 392 3976 see
407 3943 439 3976 on
456 3942 516 3976 nec.
530 3963 536 3976 .
549 3963 555 3976 .
567 3926 691 3991 experiar,

123 3996 179 4043 lta
209 3992 250 4040 fin.

154 4062 197 4105 23.
213 4071 233 4105 1.
249 4064 341 4107 rotam
363 4061 517 4107 Fortunae.
553 4058 608 4106 The
630 4056 691 4106 reie-

121 4138 192 4172 rence
204 4124 225 4171 is
236 4129 262 4171 to
274 4124 299 4171 in
311 4123 360 4172 Pis.
375 4129 387 4182 ξ
402 4137 430 4171 aa
443 4124 530 4187 inquo
547 4139 603 4173 cum
619 4121 691 4170 illum

122 4189 276 4236 saltatorium
309 4196 415 4238 versaret
452 4189 544 4244 orbem,
574 4204 606 4237 ne
639 4195 692 4236 tum

122 4254 222 4312 quidem
249 4254 373 4302 Fortunae
393 4259 473 4301 rotam
495 4253 690 4317 pertimescebat.

122 4321 168 4382 Cp.
182 4319 275 4367 Tibull.
289 4318 304 4367 i.
322 4332 346 4381 5,
363 4327 395 4382 70
411 4325 521 4367 versatur
539 4318 613 4369 celeri
629 4319 692 4368 Fors

122 4384 183 4433 levis
194 4385 253 4432 orbe
265 4392 341 4434 rotae.

744 1899 862 1950 ‘Verrine
879 1897 945 1949 law?
980 1899 1035 1948 The
1054 1916 1158 1964 passage
1178 1914 1265 1949 occurs
1288 1897 1314 1948 in

742 1966 813 2015 Verr.
824 1967 841 2014 i.
859 1979 880 2022 1,
894 1971 906 2024 5
922 1979 964 2014 121
980 1965 1048 2016 Hinc
1065 1966 1102 2014 illi
1119 1967 1231 2015 homines
1247 1971 1315 2014 erant

742 2033 785 2096 qui
797 2033 872 2080 etiam
881 2030 980 2080 ridiculi
988 2032 1172 2081 inveniebantur
1180 2047 1210 2080 ex
1219 2031 1314 2082 dolore.

743 2099 855 2161 Quorum
862 2096 914 2158 alii,
922 2097 949 2145 id
957 2097 1023 2162 quod
1035 2113 1109 2161 saepe
1121 2096 1231 2154 audistis,
1240 2111 1315 2160 nega-

741 2165 801 2213 bant
813 2162 952 2211 mirandum
964 2179 1015 2212 esse
1027 2163 1128 2212 iustam
1142 2177 1250 2226 nequam
1261 2176 1315 2211 esse

742 2229 873 2278 verrinum.
909 2229 978 2292 Aper
999 2228 1081 2293 might
1103 2227 1166 2277 have
1185 2227 1240 2275 said
1259 2227 1314 2276 that

742 2294 832 2342 Cicero
848 2293 891 2341 did
911 2301 955 2342 not
974 2293 1048 2342 claim
1065 2293 1108 2342 the
1125 2292 1271 2357 authorship
1288 2291 1319 2341 of

741 2358 790 2408 this
801 2359 947 2422 deplorable
958 2375 1026 2423 pun:
1043 2375 1082 2423 cp.
1095 2360 1179 2422 Quint.
1192 2360 1223 2407 vi.
1238 2371 1262 2418 3,
1274 2373 1296 2420 4

778 2439 799 2474 a.
817 2427 890 2472 illud
915 2428 1002 2473 tertio
1025 2439 1138 2482 quoque
1164 2438 1251 2472 sensu

742 2494 877 2549 positum,
885 2489 941 2538 ‘the
950 2488 1021 2539 stock
1029 2489 1121 2553 ending
1130 2488 1159 2538 oi
1165 2505 1236 2552 every
1244 2488 1315 2538 other

742 2557 870 2604 sentence!
904 2555 954 2603 For
964 2569 1057 2614 sensus,
1069 2570 1109 2604 see
1121 2570 1153 2603 on
1165 2556 1204 2602 20.
1219 2553 1256 2602 16.

774 2635 826 2677 pro
839 2624 997 2669 sententia:
1014 2619 1111 2668 instead
1129 2618 1185 2668 oia
1202 2618 1313 2682 pointed,

742 2686 932 2749 epigrammatic
943 2692 1077 2744 utterance,
1090 2685 1159 2733 there
1169 2684 1191 2732 is
1203 2685 1261 2747 only
1273 2685 1315 2734 the

739 2749 819 2815 jingle
831 2751 861 2799 of
873 2766 921 2799 csse
937 2750 1061 2799 videatur.
1096 2750 1142 2812 Cp.
1154 2765 1211 2798 cum
1223 2750 1314 2798 lumine

742 2816 859 2878 quodam,
872 2818 959 2877 2213.
993 2816 1022 2864 In
1034 2815 1075 2864 the
1087 2830 1154 2863 same
1169 2831 1225 2878 way
1236 2815 1314 2877 Quin·

741 2881 821 2941 tilian,
844 2881 964 2944 speaking
991 2880 1021 2929 os
1043 2881 1115 2930 those
1141 2880 1199 2927 who
1224 2880 1315 2928 shelter

742 2946 890 2994 themselves
900 2946 978 2994 under
985 2944 1027 2994 the
1036 2961 1109 2995 name
1120 2945 1149 2993 oi
1155 2945 1251 3004 Cicero,
1259 2959 1314 3006 says

745 3014 779 3075 (x.
799 3026 820 3070 2,
842 3011 933 3075 17-18)
955 3011 1044 3060 ‘otiosi
1063 3018 1088 3060 et
1106 3010 1195 3074 supini,
1215 3010 1314 3074 siquid

743 3078 819 3126 modo
839 3077 937 3139 longius
955 3077 1175 3134 circumduxerunt,
1188 3076 1267 3124 iurant
1278 3076 1314 3124 ita

743 3143 888 3192 Ciceronem
910 3142 1051 3190 locuturum
1071 3141 1152 3190 fuisse.
1186 3141 1314 3189 Noveram

742 3208 863 3272 quosdam
874 3207 916 3272 qui
928 3222 953 3256 se
966 3206 1066 3271 pulchre
1080 3206 1226 3270 expressisse
1237 3222 1314 3268 genus

742 3273 806 3322 illud
818 3272 930 3321 caelestis
946 3273 1019 3321 huius
1036 3273 1061 3320 iu
1080 3270 1185 3320 dicendo
1202 3271 1248 3319 viri
1266 3271 1313 3320 sibi

742 3339 887 3395 viderentur,
901 3339 921 3386 si
942 3338 967 3386 in
984 3337 1095 3388 clausula
1111 3336 1250 3401 posuissent
1266 3352 1314 3386 esse

742 3401 876 3453 videatur!

775 3485 799 3532 4.
816 3471 987 3528 exprimunt,
1015 3465 1197 3531 ‘reproduce':
1233 3481 1261 3514 as
1288 3473 1314 3516 at

742 3537 781 3583 20.
794 3547 821 3582 11
835 3537 891 3582 221.
904 3534 936 3583 ad
944 3533 985 3583 fin.
1008 3533 1108 3583 Instead
1121 3533 1150 3581 oi
1158 3534 1200 3582 the
1211 3532 1315 3595 reading

741 3601 767 3648 in
785 3599 826 3648 the
843 3606 901 3661 text,
921 3599 1060 3647 imitantur
1076 3605 1150 3662 atquc
1167 3599 1316 3662 expn'munt

742 3665 787 3713 has
809 3666 870 3713 been
893 3664 1024 3728 suggested
1047 3663 1246 3728 (Cornelissen):
1273 3678 1313 3726 cp.

742 3731 794 3780 Cic.
807 3730 939 3793 Or.§19:
956 3730 987 3778 de
999 3729 1042 3779 Or.
1054 3729 1105 3787 ii.§
1120 3743 1160 3792 90.

776 3811 798 3859 5.
816 3799 957 3853 antiquos,
970 3795 1000 3843 of
1008 3793 1050 3842 the
1061 3794 1128 3857 good
1140 3793 1183 3842 old
1193 3791 1287 3841 school.

775 3860 799 3910 6.
816 3863 996 3918 significasse.
1032 3861 1082 3907 For
1098 3859 1147 3907 this
1164 3858 1231 3908 infin.
1251 3857 1315 3906 aiter

741 3933 875 3986 contentus,
888 3942 928 3975 see
940 3941 971 3974 on
981 3925 1092 3988 probasse
1105 3926 1143 3973 18.
1158 3936 1196 3983 13.

774 3995 883 4079 utique,
898 3990 941 4040 ‘of
949 3988 1052 4049 course,’
1062 3994 1069 4017 ‘
1079 3986 1203 4051 anyhoW,'
1215 3989 1222 4013 ‘
1233 3987 1258 4035 in
1265 4003 1314 4050 any

742 4072 805 4106 case.

777 4132 799 4184 7.
817 4123 963 4171 Lucilium
996 4135 1048 4176 pro
1082 4120 1212 4167 Horatio.
1264 4116 1313 4180 Cp.

743 4188 826 4250 Quint.
844 4203 868 4234 x.
889 4200 911 4245 1,
930 4191 942 4243 §
963 4198 994 4248 93
1013 4183 1122 4233 Lucilius
1140 4182 1260 4246 quosdam
1278 4181 1314 4230 ita

741 4253 839 4300 deditos
850 4252 897 4300 sibi
908 4251 988 4299 adhuc
999 4250 1076 4298 habet
1088 4256 1209 4297 amatores
1221 4255 1247 4295 ut
1257 4263 1313 4296 eum

742 4333 791 4366 non
803 4317 913 4365 eiusdem
927 4315 1003 4364 modo
1017 4315 1098 4378 operis
1114 4313 1255 4362 auctoribus
1271 4312 1314 4360 sed

742 4383 856 4430 omnibus
867 4381 948 4444 poetis
959 4381 1079 4444 praeferre
1090 4395 1139 4427 non
1152 4378 1272 4426 dubitent.

78 4464 89 4517 ᾗ
154 4452 200 4499 ius
218 4452 373 4512 verrinum,
392 4450 481 4499 ‘sance
502 4448 542 4498 for
563 4445 641 4514 pork’
662 4463 691 4496 or
775 4450 941 4496 Lucretium
955 4461 1007 4502 pro
1025 4447 1161 4503 Vergilio.
1195 4442 1316 4507 InQuiu·
