3046 5032
191 326 235 387 40
585 307 817 372 conrvrrrr
839 287 1003 371 raom

190 473 331 537 inmensi
346 472 443 536 huius
458 472 539 549 aevi,
555 493 714 556 perquam
734 472 835 536 breve
854 480 887 535 et
908 471 942 534 in
961 468 1117 554 proximo
1137 478 1196 535 est
1243 467 1331 533 Nam
1353 469 1389 547 si,

191 593 229 647 ut
246 582 362 649 Cicero
379 585 412 647 in
429 585 610 677 Hortensio
626 584 746 659 scribit,
763 585 790 646 is
806 593 857 647 est
873 602 1012 665 magnus
1032 591 1066 646 et
1079 603 1176 647 verus
1190 601 1305 660 annus,
1320 603 1388 665 quo

191 696 308 760 eadem
332 697 454 778 positio
476 697 557 760 caeli
581 696 791 778 siderumque
813 715 900 778 quae
922 714 998 757 curn
1020 695 1168 758 maxime
1190 704 1241 759 est
1259 716 1387 760 rursum

144 834 178 882 30
191 807 322 886 existet,
346 809 439 896 isque
463 829 568 872 annus
594 808 712 871 horum
737 829 821 890 quos
848 827 908 871 nos
933 826 1092 870 vocamus
1118 828 1278 872 annorum
1304 810 1388 873 duo-

190 920 297 984 decim
308 920 399 983 milia
411 930 596 1003 nongentos
606 920 845 1003 quinquaginta
855 929 1013 1002 quattuor
1023 918 1262 1001 complectitur,
1275 921 1388 1003 incipit

190 1031 435 1097 Demosthenes
449 1042 568 1110 vester,
584 1053 682 1114 quem
698 1053 757 1095 vos
772 1042 916 1096 veterem
931 1040 965 1094 et
981 1032 1155 1113 antiquum
1174 1031 1305 1115 fingitis,
1320 1054 1388 1097 non

189 1144 298 1209 solum
314 1145 432 1208 eodem
449 1165 535 1208 anno
551 1165 618 1226 quo
633 1165 704 1222 nos,
720 1145 777 1208 sed
794 1144 895 1207 etiarn
912 1143 1030 1207 eodem
1046 1164 1159 1208 mense
1174 1145 1333 1209 extitisse.

234 1259 290 1328 17.
314 1255 381 1320 Sed
395 1265 528 1320 transeo
543 1257 585 1320 ad
602 1256 741 1320 Latinos
756 1265 910 1329 oratores,
924 1255 1089 1337 inquibus
1102 1276 1169 1320 non
1186 1257 1389 1334 Menenium,

190 1376 227 1431 ut
265 1377 357 1451 puto,
388 1367 588 1450 Agrippam,
626 1369 683 1449 qui
720 1377 834 1450 potest
866 1367 968 1431 videri
999 1369 1166 1450 antiquus,
1200 1379 1388 1433 nostrorum

190 1489 377 1561 temporum
388 1481 518 1543 disertis
533 1489 734 1564 anteponere
749 1479 869 1558 soletis,
885 1479 944 1543 sed
962 1477 1154 1543 Ciceronem
1166 1489 1200 1544 et
1212 1480 1389 1545 Caesarem

224 1686 263 1735 3¹·
281 1681 413 1739 nongentos
429 1675 486 1724 Nic.
501 1672 622 1723 ‘Lo'e'nsisz
650 1635 710 1720 vrir-
724 1675 752 1733 B,
771 1626 868 1732 vodlsA,
885 1626 941 1722 dctycs
951 1674 981 1726 C.
999 1673 1051 1722 dccc
1070 1675 1133 1734 DH,
1152 1676 1300 1738 octingentos
1308 1675 1371 1736 Ev,

191 1751 231 1800 32.
248 1747 327 1788 vester
348 1740 472 1800 Bcavm
492 1740 548 1802 (but
566 1740 587 1788 B
608 1746 655 1788 este
676 1740 702 1788 iu
725 1739 820 1802 litura),
848 1739 951 1788 videtur
968 1740 1027 1797 AD,
1052 1739 1089 1787 ff
1109 1741 1146 1803 H,
1178 1740 1279 1804 [vester]
1302 1741 1388 1790 Halm.

192 1817 230 1866 33.
248 1805 324 1854 ctr'am
336 1807 469 1856 Michaelis
482 1807 531 1871 (cp.
541 1806 564 1858 7.
578 1818 625 1868 143
643 1807 682 1853 20.
697 1820 743 1867 143
761 1808 800 1854 21.
814 1818 859 1866 333
876 1806 917 1853 24.
928 1805 953 1869 5)
966 1822 972 1853 ε
987 1804 1066 1868 fama
1077 1806 1150 1856 codd.
1166 1806 1236 1870 (fere
1248 1808 1268 1854 B
1280 1822 1350 1863 corr..
1361 1806 1388 1854 H
1445 1843 1448 1847 -

190 1870 246 1919 Put.
256 1871 340 1935 ferma
352 1871 468 1933 Bekker).
493 1869 590 1919 nrodoC
603 1872 652 1933 (for
663 1869 764 1932 mense).

223 1941 264 1988 17.
285 1949 305 1986 1.
324 1937 473 1986 Menenium
483 1937 526 1985 BE
538 1936 574 2000 (iu
583 1935 683 2001 marg),
695 1952 733 1986 mc
744 1935 857 1984 nimium
868 1941 927 1986 cett.
937 1935 1010 1986 codd.

1077 1950 1099 1999 3.
1116 1937 1197 1986 soleta
1208 1937 1292 2000 codd,
1303 1939 1390 1988 voletis

192 2000 302 2062 Kleiber,
315 2002 401 2052 Wolff.

190 2125 441 2189 aslightpleonasm.
476 2126 501 2174 It
516 2127 538 2175 is
553 2141 581 2174 as
594 2126 616 2174 if
630 2125 671 2174 the
685 2126 766 2174 writer
815 2140 863 2188 age
874 2125 961 2188 begins
973 2124 1059 2186 anew,’
1070 2127 1116 2175 &a
1151 2126 1197 2175 See
1214 2127 1267 2176 Cic.
1281 2127 1390 2192 deRep.

191 2190 241 2238 had
264 2191 318 2238 said
340 2191 364 2239 si
385 2192 421 2239 ad
440 2192 589 2239 immensum
612 2191 655 2239 hoc
675 2207 765 2239 aevum
815 2190 847 2240 vi.
863 2205 899 2238 aa.

190 2257 340 2318 respexerat:
367 2272 405 2319 cp.
425 2259 464 2305 24.
490 2256 522 2305 ad
545 2256 594 2315 fin,
616 2256 680 2305 effici
702 2258 765 2305 ratio
849 2269 887 2319 29.
904 2271 969 2304 oum
980 2256 1183 2306 maxime=hoc
1196 2257 1252 2321 ipso
1268 2264 1390 2322 tempore,

191 2327 332 2383 temporum
350 2323 494 2386 collegerit:
514 2321 580 2371 Hist.
598 2323 613 2371 i.
633 2335 765 2383 32,12re·
816 2323 858 2370 ‘at
885 2320 935 2370 this
962 2321 1097 2384 particular
1123 2321 1263 2372 moment’:
1293 2324 1337 2372 νῦν
1360 2342 1390 2386 γε

191 2401 288 2449 gressus
312 2387 455 2436 facultatem
483 2387 508 2435 in
536 2387 617 2436 aliena
644 2393 765 2451 potestate

192 2467 261 2501 esse:
284 2453 348 2499 Anu.
362 2452 397 2501 iii.
415 2466 437 2514 3.
453 2455 467 2501 8
486 2453 685 2514 magnitudinem
704 2452 765 2502 mali

191 2517 296 2583 perferre
308 2519 362 2567 visu
373 2535 423 2567 non
435 2517 556 2567 toleravit.

227 2595 265 2647 27.
298 2599 433 2642 perquam
450 2588 550 2633 breve:
579 2599 607 2632 so
631 2586 765 2648 ‘perquam

191 2647 312 2709 breviter,‘
325 2650 379 2698 Cic.
392 2650 423 2698 de
433 2651 474 2699 Or.
486 2649 511 2698 ii.
526 2655 605 2708 taor.
639 2651 765 2714 Perquam

193 2730 279 2764 occurs
291 2717 355 2764 Anu.
368 2715 410 2763 xii.
422 2730 463 2778 49,
477 2729 508 2777 5;
529 2715 577 2763 xvi.
591 2729 631 2774 ao,
644 2728 666 2775 3.

226 2783 258 2828 in
277 2784 406 2838 proximo
427 2786 478 2830 est.
520 2781 573 2829 The
593 2781 766 2843 grammatical

192 2845 286 2907 subject
313 2847 333 2895 is
360 2847 470 2910 spatium
497 2846 619 2909 tenzporis,
652 2846 696 2895 but
724 2846 767 2895 the

192 2910 244 2960 real
267 2911 359 2974 subject
382 2913 402 2960 is
425 2912 468 2960 the
495 2912 580 2977 period
602 2911 661 2960 with
683 2911 766 2960 which

193 2977 213 3024 it
231 2993 316 3040 opens,
336 2978 382 3027 viz.
400 2977 443 3026 the
463 2994 509 3041 age
532 2978 561 3025 of
579 2977 767 3026 Demosthenes

193 3041 245 3090 For
264 3043 292 3089 in
305 3043 428 3107 proximo,
450 3059 490 3092 see
508 3051 567 3092 note
583 3058 616 3091 ou
633 3043 662 3090 in
679 3043 767 3104 medio,

194 3109 233 3157 18.
247 3122 268 3157 2.

228 3174 266 3222 28.
292 3176 456 3222 Hortensio.
506 3173 569 3222 This
594 3172 644 3222 lost
667 3173 766 3222 treatise

192 3238 292 3286 derived
305 3238 337 3286 its
348 3253 421 3286 name
433 3238 495 3286 from
512 3238 587 3301 being
598 3238 614 3286 d
629 3238 728 3288 dicated
739 3245 767 3286 to

193 3302 302 3353 Cicero's
319 3311 388 3366 great
405 3302 480 3351 rival:
499 3304 551 3352 Cic.
568 3304 599 3352 de
637 3318 669 3351 ru.
686 3304 702 3351 i.
716 3317 726 3350 1
732 3339 739 3363 ,
753 3317 765 3350 a

192 3384 243 3432 quo
260 3384 275 3416 a
291 3369 363 3416 nobis
379 3368 540 3432 philosophia
556 3368 656 3417 defensa
674 3376 698 3418 et
715 3369 766 3417 col-

193 3433 294 3482 laudata
310 3441 355 3492 est,
372 3449 428 3482 cum
446 3440 509 3482 esset
529 3440 643 3482 accusata
662 3441 686 3482 et
704 3434 767 3482 vitu·

193 3506 278 3563 perata
290 3499 323 3546 ab
335 3497 478 3546 Hortensio.
507 3499 531 3546 A
543 3498 636 3547 similar
645 3500 767 3548 reference

192 3565 214 3612 is
232 3563 304 3612 made
321 3565 354 3626 by
370 3562 474 3622 Servius,
492 3564 524 3612 ad
537 3564 599 3612 Aen.
612 3564 627 3612 i.
642 3562 688 3625 269
706 3564 768 3613 Tria

193 3635 250 3678 sunt
266 3644 355 3692 genera
372 3644 505 3677 annorum:
530 3635 574 3677 aut
590 3630 656 3678 enim
672 3630 766 3677 lunaris

815 2386 930 2446 μάλιστα.
951 2385 985 2435 So
994 2387 1034 2439 37.
1044 2397 1056 2450 7
1065 2403 1120 2436 cum
1128 2388 1236 2437 maxime
1246 2404 1261 2436 a
1270 2389 1390 2438 Muciano

816 2451 1005 2529 contrahuntur:
1024 2468 1064 2516 cp.
1074 2452 1140 2502 Hist.
1153 2453 1170 2503 i.
1180 2468 1219 2518 29,
1230 2468 1274 2516 14:
1291 2455 1331 2517 84,
1345 2455 1373 2504 16
1383 2473 1389 2505 ε

815 2519 1144 2646 r..⁴.n¹.·.‚¹t·.{aa
1159 2520 1390 2649 3⁸r·l³a.?.⁵’..⁶..·

816 2646 959 2710 moment').
1001 2647 1056 2697 The
1078 2649 1167 2712 phrase
1190 2666 1275 2699 occurs
1293 2650 1347 2699 also
1364 2653 1390 2700 iu

816 2714 906 2763 Cicero
924 2714 966 2777 (de
982 2713 1031 2762 Off.
1049 2713 1075 2763 ii.
1095 2719 1107 2773 §
1123 2728 1167 2775 23:
1186 2715 1211 2763 in
1223 2716 1291 2765 Verr.
1304 2718 1335 2765 iv.
1349 2719 1389 2777 38,

818 2783 830 2837 ξ
851 2783 900 2828 82:
924 2779 1033 2844 Harusp.
1057 2779 1132 2843 Resp.
1154 2784 1167 2839 §
1188 2783 1232 2841 32)
1255 2782 1303 2830 and
1327 2782 1390 2844 Livy

817 2844 862 2907 (xl.
881 2847 968 2904 32,1).
1002 2846 1027 2893 A
1044 2844 1116 2894 fuller
1131 2845 1195 2894 form
1210 2847 1232 2894 is
1249 2863 1318 2895 nrcnc
1333 2863 1390 2896 cum

817 2910 939 2959 marinae:
963 2925 1009 2974 pro
1025 2909 1123 2960 Cluent.
1143 2915 1155 2969 ξ
1176 2924 1224 2960 12:
1250 2912 1302 2959 Liv.
1323 2915 1389 2963 xxix.

820 2986 857 3038 17,
868 2985 890 3038 7.
919 2975 943 3024 It
954 2976 975 3024 is
986 2975 1142 3037 noteworthy
1152 2975 1207 3025 that
1217 2993 1273 3026 cum
1281 2979 1390 3026 maxime

816 3041 838 3088 is
848 3048 892 3090 not
903 3040 979 3089 found
992 3041 1016 3089 iu
1028 3041 1170 3104 Quintilian,
1191 3043 1285 3106 though
1301 3044 1333 3092 he
1345 3042 1390 3091 has

816 3121 885 3154 nunc
908 3107 1032 3155 maxime:
1061 3107 1094 3155 ix.
1122 3122 1146 3171 4,
1170 3107 1202 3156 66
1230 3109 1298 3171 quod
1325 3124 1390 3157 nunc

817 3172 923 3219 maxime
934 3172 1022 3220 vitium
1032 3178 1076 3231 est,
1090 3188 1129 3236 cp.
1141 3173 1172 3222 xi.
1187 3188 1208 3235 3,
1222 3183 1260 3236 57.

850 3250 889 3297 31.
909 3239 1012 3294 incipit
1030 3235 1161 3302 (ἄρχεται),
1182 3238 1211 3287 of
1230 3255 1245 3287 a
1263 3254 1391 3303 necessary

817 3301 966 3359 conclusion,
987 3303 1049 3386 (like
1065 3303 1190 3367 sequitur)
1210 3306 1246 3353 ‘it
1262 3305 1347 3368 begins
1363 3312 1390 3353 to

816 3382 909 3430 appear
925 3366 988 3425 that,
1015 3367 1059 3416 &a
1101 3368 1135 3417 So
1154 3368 1221 3416 often
1238 3370 1264 3416 in
1282 3371 1389 3419 Seneca:

816 3448 837 3480 e.
845 3447 870 3494 g.
888 3432 957 3481 Dial.
974 3433 1010 3480 iii.
1029 3446 1095 3493 10,3
1112 3433 1200 3482 deinde
1217 3434 1305 3483 desinit
1322 3436 1390 3498 quic·

816 3512 891 3560 quam
903 3513 975 3560 posse
986 3499 1059 3557 ratio,
1072 3500 1093 3546 si
1103 3499 1167 3546 nihil
1183 3508 1265 3562 potest
1280 3500 1331 3548 sine
1347 3502 1390 3549 ad·

817 3561 891 3622 lectu,
908 3570 933 3612 et
949 3563 1036 3627 incipit
1053 3580 1099 3628 par
1115 3563 1152 3612 illi
1170 3563 1305 3628 similisque
1320 3581 1388 3615 esse:

817 3627 866 3674 viii.
888 3628 910 3686 8,
933 3641 947 3688 3
966 3629 1055 3692 quodsi
1072 3644 1121 3677 nou
1137 3629 1261 3677 invenitur
1277 3630 1322 3678 illa
1341 3648 1390 3681 res·

193 3709 271 3743 annus
287 3702 323 3743 est
339 3710 388 3742 xxx
405 3694 500 3742 dierum
519 3701 561 3742 aut
578 3695 716 3744 solstitialis
732 3695 766 3743 xii
816 3692 924 3754 publica,
937 3709 1011 3757 quam
1023 3710 1069 3744 nos
1080 3694 1203 3758 fingimus,
1211 3695 1299 3759 incipit
1311 3699 1390 3745 omni·

192 3774 303 3808 mensum
320 3767 363 3808 aut
380 3760 512 3808 secundum
524 3759 637 3808 Tullium
654 3775 766 3824 magnus,
816 3758 862 3807 bus
878 3773 931 3807 esse
947 3759 1025 3806 otium
1041 3760 1217 3808 necessarium:
1242 3761 1288 3824 Ep.
1307 3776 1348 3824 95,
1366 3777 1389 3823 3,

194 3826 237 3890 qui
259 3831 325 3874 tenet
353 3823 550 3873 ffinccccmn
574 3841 658 3880 annos,
687 3832 714 3874 ut
741 3824 767 3874 in
816 3822 857 3885 46.
891 3823 939 3887 Cp.
956 3824 1042 3886 Quint.
1059 3825 1130 3874 Decl.
1144 3824 1208 3887 26,5
1225 3842 1299 3890 quare
1315 3830 1335 3875 si
1348 3844 1390 3890 ap-

194 3891 345 3940 Horteusio:
363 3892 450 3939 horum
461 3906 580 3938 annorum
590 3906 652 3954 quos
660 3891 686 3938 iu
698 3890 767 3940 fastis
790 3910 793 3915 ’
816 3889 925 3952 paruerit
940 3896 964 3938 te
976 3891 1069 3938 malam
1080 3906 1179 3940 causam
1195 3891 1284 3941 habere
1301 3893 1390 3956 incipis

193 3957 322 4016 habemus,
339 3971 443 4019 magnus
455 3957 638 4004 ffioccccntu
656 3956 767 4020 amplec·
816 3970 868 4003 rem
881 3955 1058 4018 iniquissimam
1066 3956 1205 4020 postulare:
1222 3958 1282 4006 ibid.
1299 3972 1352 4020 213,
1367 3959 1390 4007 8.

193 4023 259 4071 titur.
292 4023 346 4070 The
363 4021 476 4070 duration
497 4022 525 4069 of
542 4021 585 4069 the
605 4020 680 4071 Great
701 4022 768 4071 Year
849 4025 890 4073 17.
905 4033 925 4067 1.
939 4023 1089 4070 Menenius
1096 4025 1230 4081 Agrippa,
1238 4023 1324 4072 consul
1334 4036 1356 4071 Β.
1366 4035 1389 4072 c.

193 4104 246 4137 was
262 4088 387 4149 variously
404 4087 548 4143 estimated;
567 4089 592 4135 in
610 4103 658 4150 any
675 4103 731 4137 case
747 4088 767 4137 it
817 4098 872 4147 503,
885 4084 927 4135 the
937 4086 1026 4136 author
1034 4088 1064 4135 of
1071 4088 1114 4136 the
1125 4088 1221 4136 famous
1231 4089 1356 4153 apologue
1365 4089 1393 4138 of

193 4152 279 4202 would
298 4152 358 4216 only
376 4153 407 4200 be
423 4152 564 4216 completed
580 4153 652 4202 when
671 4153 707 4201 all
724 4152 767 4201 the
816 4151 858 4200 the
870 4151 941 4215 Belly
952 4152 1000 4200 and
1012 4153 1054 4201 the
1065 4153 1199 4212 Members,
1213 4154 1274 4217 Livy
1285 4154 1310 4203 ii.
1324 4169 1362 4215 32.

194 4218 315 4281 heavenly
325 4218 412 4266 bodies
428 4234 497 4267 came
515 4219 579 4267 back
595 4225 622 4268 to
639 4217 682 4266 the
698 4233 767 4268 same
852 4230 873 4265 a.
890 4223 984 4273 potest
995 4221 1239 4279 videriautiquua,
1253 4220 1390 4283 ‘maywell

194 4283 280 4347 places
294 4283 319 4330 in
331 4282 412 4332 which
426 4283 486 4347 they
496 4299 561 4332 were
577 4289 603 4331 at
620 4282 662 4331 the
679 4284 765 4348 begin-
815 4281 847 4330 be
873 4282 1017 4332 considered
1038 4282 1254 4346 ancient,'-vetus
1278 4293 1303 4334 et
1329 4287 1390 4336 olim

193 4349 235 4397 nin
265 4348 294 4397 of
306 4348 348 4397 the
359 4348 451 4396 world:
469 4365 508 4412 ep.
518 4348 560 4397 the
572 4348 620 4397 last
632 4349 730 4398 Chorus
740 4349 765 4397 iu
814 4355 894 4406 natus,
908 4350 946 4397 16.
961 4349 998 4398 18.

193 4365 314 4477 Shelley's
334 4413 494 4463 ‘Hellas’-⁴
505 4413 560 4464 Tne
578 4413 679 4464 world's
696 4422 766 4479 great
849 4428 873 4477 3.
891 4417 1054 4466 caesarem:
1071 4417 1207 4466 seeon21.
1221 4429 1259 4480 19.
