3046 5032
442 372 677 436 DIALOGUS
698 372 768 434 DE
789 373 876 435 ORA
885 372 1093 437 TORIBUS.
1325 379 1368 460 55

171 542 293 626 quisito
308 551 342 607 et
360 542 491 626 poetico
507 543 596 608 cultu
619 543 746 608 enituit.
792 543 950 626 Exigitur
972 545 1060 608 enim
1083 542 1150 609 iam
1173 548 1217 611 ab
1239 556 1368 613 oratore

169 655 270 719 etiarn
293 656 441 738 poeticus
463 657 571 733 decor,
585 677 652 720 non
670 655 765 719 Accii
787 664 846 720 aut
869 656 1000 722 Pacuvii
1015 667 1152 721 veterno
1168 657 1368 741 inquinatus,

168 767 227 830 sed
243 787 287 829 ex
305 767 438 830 Horatii
454 777 487 830 et
505 766 643 848 Vergilii
666 777 700 831 et
722 767 848 831 Lucani
870 769 1009 832 sacrario
1024 769 1182 852 prolatus.
1235 771 1367 835 Horum

168 878 268 960 igitur
289 880 421 943 auribus
444 889 478 942 et
501 879 626 944 iudiciis
642 879 874 961 obtemperans
889 889 1077 945 nostrorum
1092 891 1261 945 oratorum
1276 893 1367 947 aetas
1383 909 1414 943 20

168 990 334 1075 pulchrior
356 1000 390 1055 et
412 991 558 1055 ornatior
579 991 707 1083 extitit.
748 992 867 1074 Neque
890 992 965 1056 ideo
989 992 1097 1056 minus
1120 992 1270 1058 efficaces
1292 1005 1369 1060 sunt

168 1102 333 1165 orationes
354 1112 485 1166 nostrae
501 1103 578 1184 quia
594 1104 637 1166 ad
660 1122 756 1167 aures
779 1103 996 1167 iudicantium
1015 1122 1090 1166 cum
1105 1103 1278 1186 voluptate
1295 1125 1368 1186 per·

166 1215 312 1276 veniunt.
372 1213 462 1296 Quid
493 1214 580 1277 enim
608 1215 637 1276 si
668 1213 844 1278 infirmiora
874 1214 993 1278 horum
1022 1224 1210 1299 temporum
1242 1216 1368 1296 templa

167 1327 289 1400 credas,
305 1327 383 1408 quia
398 1347 464 1390 non
479 1327 550 1390 rudi
567 1335 739 1390 caemento
761 1335 795 1389 et
811 1325 1004 1390 informibus
1020 1326 1140 1409 tegulis
1160 1336 1367 1406 extruuntur,

167 1438 225 1501 sed
242 1457 404 1502 marmore
419 1438 525 1503 nitent
541 1447 574 1502 et
589 1459 668 1502 auro
683 1439 874 1502 radiantur?
1382 1455 1411 1503 25

210 1551 266 1618 21.
291 1550 455 1632 Equidem
471 1549 600 1613 fatebor
620 1550 714 1613 vobis
735 1548 928 1631 simpliciter
943 1570 996 1613 me
1019 1549 1051 1612 in
1067 1548 1264 1632 quibusdam
1281 1551 1366 1617 anti-

202 1689 239 1740 17.
256 1677 371 1741 exigitur
380 1676 489 1742 Lipsius,
505 1676 620 1740 exigetur
633 1677 687 1739 CA,
704 1677 832 1726 exercitur
842 1676 907 1737 AV„
928 1677 1053 1727 corrected
1070 1677 1096 1725 in
1114 1678 1177 1726 both
1193 1685 1221 1728 to
1240 1688 1367 1729 exercetur

166 1742 274 1792 BDEH.
376 1756 413 1803 ²3·
431 1743 595 1802 sicodd.,an
607 1743 786 1804 obertinnisi
796 1743 888 1792 Osann.
989 1756 1028 1803 ²5·
1045 1742 1151 1791 radiant
1160 1744 1215 1793 Lat.
1228 1745 1348 1794 Latinius.

199 1812 241 1858 21.
261 1823 282 1858 1.
292 1809 393 1872 fatebor
402 1816 468 1857 most
479 1806 559 1870 codd,
564 1809 652 1873 fatcor
661 1808 757 1872 AHSp.
784 1809 831 1872 Cp.
843 1807 967 1872 Equidem
978 1807 1075 1857 fatebor
1085 1809 1156 1859 vobis
1167 1810 1222 1861 Liv.
1233 1826 1256 1859 v.
1268 1823 1308 1874 54,
1319 1825 1342 1872 3.

167 1916 209 1966 the
220 1932 263 1966 nse
274 1915 303 1965 oi
319 1920 424 1965 Sensus
438 1916 479 1978 (oi
492 1916 611 1979 thought)
623 1916 666 1966 the
683 1916 740 1966 idea
790 1921 817 1964 at
835 1914 904 1964 them
924 1913 963 1963 sor
981 1914 1122 1979 delighting
1141 1915 1167 1964 in
1186 1916 1367 1978 archaisms,-

167 1983 195 2030 ol
214 1983 343 2031 substance
366 1997 394 2030 or
416 1981 479 2030 torm
499 1982 520 2030 is
540 1982 631 2045 always
651 1998 739 2045 upper·
791 1981 969 2044 Attonitusque
981 1981 1044 2044 legis
1055 1981 1128 2031 terrai
1143 1981 1268 2045 frugiferai
1280 1983 1365 2032 Attius

166 2055 248 2096 most:
268 2047 305 2095 sor
321 2048 363 2095 the
380 2048 471 2096 former
487 2063 526 2111 cp.
544 2049 583 2096 23.
597 2061 624 2095 21
647 2048 740 2108 twhere
790 2055 814 2095 et
826 2045 947 2110 quidquid
958 2045 1126 2110 Pacuviusque
1138 2054 1247 2098 vomunt.

162 2113 279 2175 gravitas
289 2128 406 2161 sensuum
419 2112 440 2160 is
451 2111 589 2161 contrasted
598 2112 659 2161 with
671 2113 742 2161 nitor
822 2117 948 2160 veterno.
994 2112 1045 2161 For
1072 2128 1088 2160 a
1109 2111 1204 2160 similar
1225 2112 1303 2176 figure
1324 2130 1364 2178 cp.

166 2185 190 2226 et
206 2179 289 2226 cultus
304 2179 456 2237 verboram),
473 2177 523 2224 and
540 2178 662 2241 probably
673 2184 739 2241 pau·
791 2179 830 2226 22.
853 2189 882 2223 aa
900 2176 1003 2226 verbum
1019 2177 1087 2226 velut
1107 2176 1219 2241 rubigine
1236 2179 1364 2230 iniectum.
1455 2207 1461 2219 .

167 2244 275 2291 cissimos
297 2257 382 2290 sensus
401 2245 440 2291 32.
463 2254 508 2305 17:
542 2243 581 2291 for
602 2244 644 2293 the
666 2243 740 2293 latter
790 2241 832 2292 Tr.
845 2244 906 2292 ‘not
918 2241 1051 2305 disfigured
1062 2243 1096 2306 by
1107 2243 1149 2292 the
1161 2243 1205 2292 old
1221 2252 1272 2292 rust
1290 2246 1320 2295 ol
1332 2261 1364 2294 an

166 2309 203 2367 (in
231 2308 343 2356 addition
370 2315 398 2356 to
425 2309 467 2356 the
495 2314 593 2371 present
620 2310 737 2373 passage)
790 2308 881 2357 Accius
894 2305 1097 2358 oraPacuvius.’

166 2375 206 2422 21.
232 2384 261 2434 17
284 2373 414 2435 (inconditi
434 2388 519 2422 sensns
539 2373 652 2423 redolent
675 2375 738 2422 anti·
825 2386 862 2437 19.
880 2375 998 2421 Luceni.
1043 2373 1181 2436 Quintilian
1206 2374 1291 2423 would
1318 2382 1364 2424 not

165 2439 295 2501 quitatem)
317 2441 355 2487 22.
379 2452 407 2485 12
428 2438 513 2502 (pauci
530 2453 615 2488 sensus
634 2446 693 2503 apte
712 2447 738 2490 et

166 2507 222 2552 cum
243 2503 352 2567 quodam
372 2504 464 2552 lumine
483 2505 670 2567 terminantur):
697 2507 737 2553 22.

167 2583 196 2617 aa
214 2569 288 2632 (nulli
303 2584 388 2617 sensus
400 2606 406 2618 .
420 2605 444 2617 ..
461 2568 485 2617 in
502 2585 596 2618 morem
611 2568 738 2618 annalium

166 2633 357 2698 componantur)
368 2652 373 2683 :
391 2637 430 2685 23.
441 2649 455 2686 2
466 2635 537 2684 tertio
549 2650 646 2699 quoque
658 2650 737 2684 sensu.

165 2699 200 2749 So
209 2708 254 2748 too
264 2699 319 2748 Sen.
340 2699 386 2764 Ep.
407 2713 463 2760 114,
482 2704 494 2758 ξ
510 2714 541 2750 1:
560 2700 644 2764 Quint.
662 2701 694 2749 irc
713 2713 737 2761 3,

141 2762 145 2771 '
166 2769 195 2824 ἐξ
218 2775 256 2829 74,
280 2763 319 2828 76.
370 2765 519 2814 Sometimes
548 2769 697 2815 Sententia
710 2788 733 2806 =

165 2846 263 2880 sensus:
280 2846 333 2894 eg.
347 2833 387 2880 21.
402 2844 428 2878 11
443 2831 523 2880 verbis
538 2838 626 2880 ornata
642 2837 667 2880 et
684 2845 737 2880 sen-

164 2896 260 2945 tentiis:
278 2899 316 2946 23.
331 2910 362 2958 24
378 2912 409 2945 ea
424 2896 598 2945 sententiarum
612 2895 736 2960 planitas:

165 2964 205 3011 26.
226 2963 240 3009 8
260 2961 361 3010 lascivia
377 2962 509 3010 verborum
526 2968 550 3010 et
567 2962 666 3011 levitate
683 2977 737 3011 sen-

165 3028 303 3076 tentiarum.
338 3027 410 3075 More
429 3027 527 3090 usually
543 3028 563 3075 it
582 3026 691 3087 denotes,
710 3042 737 3075 as

164 3092 230 3151 here,
240 3109 255 3140 a
264 3101 334 3152 teme,
344 3092 454 3156 pointed,
465 3099 583 3155 pregnant
594 3100 734 3142 utterance:

142 3206 146 3212 ,
165 3160 203 3207 22.
221 3168 234 3219 7
252 3157 372 3221 quasdam
389 3158 521 3206 sententias
537 3158 646 3207 invenit:
664 3159 703 3206 23.
723 3170 735 3204 2

164 3239 211 3287 pro
221 3223 339 3272 sententia
350 3239 356 3272 :
374 3225 413 3271 32.
424 3234 454 3285 17
464 3229 580 3286 angustas
589 3223 727 3272 sententias.

197 3295 305 3347 argute,
334 3286 469 3352 ‘pointed’
498 3288 634 3350 ‘striking'
658 3284 736 3352 ‘apt,’

164 3353 224 3417 only
244 3354 302 3403 here
323 3353 349 3401 in
369 3353 477 3403 Tacitus
522 3354 576 3403 Cic.
595 3353 626 3402 de
646 3352 690 3402 Or.
709 3353 736 3402 ii.

166 3421 250 3481 §²502
270 3419 361 3477 §2681
379 3419 446 3468 Brut.
465 3421 478 3476 ξ
496 3432 542 3480 325
560 3419 736 3468 sententiosum

164 3492 188 3533 et
199 3491 315 3548 argutum
327 3485 416 3548 (genus
427 3483 563 3547 dictionis).
586 3484 634 3548 Cp.
649 3487 736 3533 ‘coac-

164 3555 203 3598 tos
214 3550 239 3597 in
251 3548 411 3599 seutentiam'
425 3550 451 3598 in
466 3550 508 3598 the
525 3565 630 3613 passage
644 3548 736 3613 quoted

163 3616 227 3662 irom
254 3615 347 3664 Seneca
375 3616 470 3664 above:
499 3615 585 3677 Quint.
608 3631 631 3662 x.
657 3627 679 3673 1,
703 3627 736 3677 50

164 3679 249 3729 breves
261 3682 432 3744 vibrantesque
443 3680 581 3729 sententiae.

196 3749 282 3795 loeus.
322 3745 368 3794 See
391 3761 423 3794 on
446 3747 484 3794 22.
509 3745 525 3794 6
548 3746 618 3795 locos
639 3759 736 3809 qnoque

162 3810 276 3859 laetiores
286 3812 423 3860 attentavit.

198 3877 236 3925 18.
255 3879 336 3925 Accii
352 3882 403 3925 aut
417 3878 544 3926 Pacuvii.
579 3875 643 3924 This
657 3874 679 3924 is
692 3874 735 3924 the

164 3941 235 3989 order
245 3941 270 3988 in
278 3942 359 3990 which
367 3941 436 3991 these
447 3948 498 3991 two
509 3948 581 4006 poets
592 3956 633 3989 are
644 3940 735 3990 named

162 4006 189 4053 in
210 4006 295 4069 Quint.
316 4022 341 4054 x.
360 4020 381 4065 1,
400 4016 441 4070 97,
458 4006 503 4056 tho
537 4005 555 4054 h
572 4007 656 4056 Attius
673 4005 734 4070 (170

97 4102 107 4118 .
163 4072 326 4120 nc-about
343 4070 386 4134 90)
402 4087 454 4120 was
470 4073 548 4134 realy
565 4071 646 4121 fifteen
663 4085 734 4135 years

162 4135 734 4265 {thattitt..l²tlllz‚t:.ttttl..¹t

162 4266 221 4316 first
239 4267 379 4328 Quintilian
389 4267 418 4328 tl.
426 4270 460 4329 c.)
469 4282 526 4331 says
534 4267 563 4316 ol
571 4268 639 4316 them
650 4268 734 4316 ‘nitor

162 4340 187 4381 et
204 4347 301 4380 summa
315 4332 340 4379 in
354 4332 497 4381 excolendis
512 4332 629 4396 operibus
645 4348 734 4381 manus

161 4398 242 4460 magis
269 4396 346 4445 videri
373 4404 455 4462 potest
482 4397 637 4461 temporibus
658 4412 734 4462 qnam

160 4464 222 4528 ipsis
249 4460 371 4523 defuisse,’
401 4462 504 4513 Martial
531 4463 577 4528 lxi.
603 4462 647 4528 90)
671 4462 735 4525 jeers

789 2437 852 2487 have
870 2437 965 2486 classed
981 2437 1068 2487 Lucan
1087 2439 1163 2503 along
1181 2439 1242 2488 with
1263 2440 1364 2490 Horace

789 2503 838 2552 and
850 2503 942 2566 Vergil.
977 2504 1023 2552 See
1033 2520 1057 2552 x.
1073 2516 1095 2554 1.
1107 2517 1140 2567 90
1151 2505 1265 2554 Lucanus
1276 2507 1364 2554 ardens

789 2574 814 2616 et
826 2569 963 2618 concitatus
979 2576 1005 2618 et
1022 2570 1150 2618 sententiis
1166 2569 1324 2630 clarissimus,
1337 2579 1362 2620 et

788 2640 816 2682 nt
836 2633 920 2682 dicam
936 2633 1003 2696 quod
1020 2634 1108 2694 sentio,
1126 2635 1207 2698 magis
1223 2637 1363 2685 oratoribus

789 2698 1126 2826 tlhttlziti‘tllta
1143 2699 1362 2814 lithini

807 2836 918 2878 oetamm
936 2844 990 2877 esse
1008 2844 1057 2878 non
1075 2829 1165 2879 meruit
1187 2831 1245 2893 qnia
1266 2831 1363 2880 videtur

788 2845 918 2943 bistoriam
931 2894 1103 2958 composuisse
1118 2910 1170 2944 non
1186 2910 1291 2959 poema:
1315 2897 1362 2946 Pe·

788 2967 851 3009 tron.
862 2959 942 3022 Satyr.
957 2961 1019 3008 118:
1038 2960 1113 3008 Mart.
1126 2960 1174 3008 xiv.
1188 2973 1242 3023 194

820 3029 940 3083 Horum,
958 3024 988 3072 oi
1000 3024 1044 3074 the
1062 3024 1125 3074 class
1145 3026 1175 3074 oi
1190 3024 1289 3075 hearers
1306 3042 1361 3091 pre·

787 3090 887 3154 viously
897 3089 1032 3150 indicated,
1044 3089 1178 3154 especially
1189 3090 1231 3140 the
1243 3092 1352 3141 iuvenes.

823 3170 861 3217 23.
880 3157 1271 3211 deentm...steredast
1298 3157 1362 3206 This

787 3219 895 3270 formula
906 3220 1013 3270 reminds
1027 3236 1074 3269 one
1091 3220 1121 3269 os
1134 3220 1177 3269 the
1192 3220 1302 3286 frequent
1318 3238 1361 3272 use
1381 3216 1384 3224 ’

788 3287 816 3335 oi
837 3287 892 3334 nisi
909 3285 980 3348 forte
1001 3295 1028 3335 to
1050 3286 1179 3335 introduce
1201 3302 1233 3335 an
1256 3287 1360 3337 ironical

786 3350 1360 3483 {incantamentis

787 3483 888 3546 opinion
897 3481 949 3544 j‘nst
960 3481 1093 3542 advanced,
1107 3497 1139 3530 on
1153 3482 1213 3547 pain
1228 3483 1257 3532 oi
1267 3482 1361 3548 having

785 3555 814 3596 to
825 3547 904 3596 admit
915 3546 1057 3611 something
1069 3547 1150 3595 which
1165 3548 1187 3596 is
1201 3548 1360 3612 improbable

786 3626 815 3662 or
825 3613 924 3664 absurd.
950 3613 993 3661 Tr.
1012 3615 1020 3639 ‘
1026 3612 1100 3676 Why,
1115 3628 1161 3662 one
1171 3612 1252 3677 might
1262 3629 1290 3663 as
1301 3614 1360 3664 well

786 3677 954 3738 believe,’&c.

785 3757 858 3858 oli·
875 3742 1359 3859 hffillllltlliilk'lli‘sllafflt

785 3881 810 3924 et
820 3824 1024 3938 galad'gemmis
1033 3822 1159 3923 radientdl
1168 3880 1194 3923 et
1202 3823 1273 3922 3auro.

818 3943 859 3988 21.
879 3952 900 3989 1.
923 3942 1071 3997 Equidem,
1097 3942 1142 3988 &e
1185 3939 1236 3987 For
1255 3939 1298 3987 the
1316 3954 1357 3988 ex-

785 4005 904 4080 pression,
921 4020 960 4068 cp.
980 4004 1032 4053 Cic.
1054 4004 1121 4052 Brut.
1143 4005 1216 4067 §293
1234 4004 1357 4068 Equidem

785 4085 811 4118 in
828 4069 975 4134 quibusdam
992 4070 1068 4117 risum
1078 4069 1120 4117 vix
1132 4070 1254 4118 tenebam.
1288 4069 1358 4118 Most

785 4133 841 4184 edd.
858 4135 917 4184 take
933 4134 1080 4198 quibmdam
1097 4149 1125 4182 as
1142 4142 1235 4193 neuter,
1253 4135 1297 4183 but
1314 4150 1357 4184 nec

785 4215 868 4248 unum
879 4200 960 4249 below
970 4199 1051 4248 shows
1063 4197 1117 4247 that
1132 4199 1153 4247 it
1165 4199 1186 4247 is
1197 4214 1271 4247 masc.
1306 4200 1357 4248 For

784 4265 827 4316 the
842 4265 958 4330 partitive
977 4263 1084 4328 genitive
1103 4263 1167 4312 aiter
1185 4264 1297 4328 quitiam,
1316 4280 1356 4328 cp.

785 4330 855 4380 Hist.
867 4330 893 4379 ii.
905 4344 945 4393 49,
961 4341 1006 4392 17:
1024 4329 1110 4392 98,5:
1128 4329 1160 4378 iv.
1174 4340 1213 4392 7ο,
1227 4344 1273 4392 24:
1290 4329 1356 4378 Anu.

785 4395 827 4446 xii.
838 4404 876 4459 17,
887 4408 926 4457 14·
944 4393 978 4444 So
988 4393 1105 4458 ‘plurimi
1114 4391 1276 4455 disertorum‚‘
1283 4407 1324 4457 40,
1334 4408 1357 4458 3,

784 4461 875 4510 below.
