3046 5032
395 379 632 444 DIAL'OGUS
652 381 720 442 DE
743 381 1044 449 ORATORIBUS.
1278 384 1318 462 67

165 553 226 621 25.
249 551 337 616 Tum
371 551 550 616 Messalla:
584 552 733 636 ‘Sequar
763 550 1001 637 praescriptam
1031 575 1052 617 a
1081 563 1124 632 te,
1157 553 1318 629 Materne,

122 661 283 742 sormam;
325 685 432 747 neque
464 665 553 728 enim
589 666 645 730 diu
681 674 797 732 contra
826 667 1004 730 drbendum
1040 675 1090 728 est
1122 664 1229 747 Apro,
1261 665 1318 747 qui

121 777 275 859 primum,
304 785 342 840 ut
379 777 505 860 opinor,
535 778 679 842 nominis
713 778 969 843 controversiam
1007 777 1120 855 movit,
1147 785 1318 860 tamquam

122 909 240 972 parum
256 889 389 972 proprie
403 889 531 972 antiqui
543 901 737 955 vocarentur
750 911 835 973 quos
851 891 930 954 satis
945 898 1076 953 constat
1091 898 1169 953 ante
1186 899 1318 957 centum

122 1022 226 1065 annos
238 1001 342 1065 fuisse.
390 1001 476 1064 Mihi
492 1012 604 1066 autem
620 1003 663 1067 de
678 996 840 1066 vocabulo
857 1023 969 1085 pugna
986 1021 1051 1065 non
1068 1011 1117 1065 est
1131 1027 1139 1080 ;
1163 1002 1232 1066 sive
1247 1001 1319 1064 illos
1335 1030 1349 1076 ,ς

122 1113 277 1195 antiquos
292 1113 361 1177 sive
376 1113 516 1178 maiores
531 1115 597 1178 sive
612 1134 680 1196 quo
695 1114 761 1178 alio
780 1114 906 1178 mavult
925 1114 1059 1178 nomine
1074 1113 1231 1196 appellet,
1241 1114 1320 1176 dum

123 1226 225 1289 modo
243 1225 275 1287 in
294 1225 443 1290 confesso
465 1227 508 1290 sit
529 1226 780 1290 eminentiorem
799 1226 930 1290 illorum
952 1237 1141 1310 temporum
1163 1224 1320 1308 eloquem

123 1336 204 1400 tiam
223 1337 331 1402 fuisse.
377 1340 431 1402 Ne
446 1338 493 1402 illi
509 1339 642 1422 quidem
659 1339 745 1423 parti
765 1339 926 1403 sermonis
947 1339 1017 1401 eius
1039 1358 1187 1421 repugno
1203 1340 1238 1402 irc
1256 1360 1321 1420 qua

124 1450 284 1515 nimirum
311 1450 433 1516 fatetur
462 1450 574 1534 plures
604 1451 726 1516 formas
753 1451 885 1517 dicendi
912 1451 1012 1514 etiarn
1045 1450 1149 1514 isdem
1174 1450 1321 1526 saeculis,

124 1562 247 1625 nedum
264 1564 400 1627 diversis
415 1565 575 1628 extitisse.
621 1563 689 1628 Sed
712 1585 779 1647 quo
800 1564 901 1628 modo
920 1562 1004 1626 inter
1018 1560 1155 1626 Atticos
1175 1571 1321 1626 oratores
1339 1583 1368 1618 ιο

124 1675 252 1756 primae
296 1675 515 1740 Demostheni
559 1676 757 1751 tribuuntur,
798 1675 988 1758 proximum
1027 1668 1172 1762 [autem]
1211 1673 1320 1737 locum

159 1841 202 1887 25.
223 1851 243 1886 1.
255 1838 438 1902 praescriptam
452 1854 468 1886 a
482 1843 505 1886 te
520 1837 600 1898 ABD,
611 1842 636 1885 et
640 1837 806 1902 prescriptam
819 1837 848 1895 E,
856 1836 1022 1900 perscriptam
1033 1843 1056 1884 et
1067 1835 1098 1894 C,
1106 1836 1288 1899 praescriptam
1300 1843 1324 1886 ct

125 1904 194 1966 V2A,
205 1918 222 1950 a
230 1909 253 1951 tc
258 1904 442 1967 praescriptam
452 1903 523 1967 HSp.
535 1903 592 1952 edd.
604 1910 665 1952 vett.
847 1918 871 1965 4.
888 1907 981 1950 constat
992 1901 1102 1958 ABDH,
1114 1908 1234 1950 constaret
1245 1903 1322 1964 ECA,

125 1975 236 2018 constare
245 1968 285 2026 V..
352 1970 375 2016 8.
393 1969 484 2032 inqua
495 1968 623 2021 nimirum
635 1969 656 2017 is
666 1983 709 2030 my
720 1965 800 2030 eonj.:
817 1967 842 2015 si
851 1967 963 2015 caminus
976 1964 1134 2030 (comminus)
1148 1966 1230 2022 codd..
1242 1968 1267 2017 si
1277 1982 1324 2032 quo

126 2034 213 2082 asinus
226 2032 341 2098 HbVSp.
356 2035 404 2098 (cp.
414 2033 537 2082 cammada
548 2034 585 2082 ior
596 2033 719 2097 quomado,
727 2035 766 2082 36.
775 2033 826 2093 33l·
859 2033 961 2096 Among
972 2033 1043 2080 other
1053 2030 1125 2094 conjj.
1137 2047 1177 2080 are
1189 2048 1239 2096 qua
1251 2033 1326 2096 quasi

125 2100 251 2148 convictus
268 2099 356 2158 Halm,
367 2114 418 2163 qua
429 2099 504 2162 quasi
519 2099 658 2147 comminus
673 2099 755 2157 nisus,
773 2098 864 2146 Muller
883 2096 1167 2162 (erammutham,
1184 2097 1208 2144 si
1226 2099 1325 2146 invitus

128 2165 223 2214 Heller.
258 2164 349 2212 Others
365 2165 459 2228 simply
470 2163 632 2227 pausaretur,
650 2178 679 2212 or
689 2163 824 2227 quominus
827 2164 931 2228 fatear:
949 2163 1006 2223 Ev,
1016 2163 1072 2227 give
1076 2163 1163 2228 fatear
1173 2163 1211 2210 ior
1213 2162 1324 2226 fatetur.

127 2230 193 2292 John
207 2236 323 2294 supports
334 2229 377 2280 the
388 2230 441 2279 MS.
455 2229 558 2292 reading
568 2229 593 2277 si
603 2229 730 2281 caminus:
748 2245 788 2278 see
800 2229 894 2278 Introd.
906 2244 931 2292 p.
942 2228 985 2289 lxi,
998 2235 1064 2277 note.
1165 2241 1203 2278 11.
1222 2227 1324 2292 [autem]

126 2295 215 2345 Ritter.

161 2406 336 2452 cha25-26.
370 2399 702 2467 FirstpartofMessalla's
754 2416 847 2466 134‚1;
866 2399 921 2462 216,
934 2399 979 2462 263
995 2405 1092 2464 224,4;
1108 2415 1163 2464 313,
1174 2415 1212 2450 20.
1239 2401 1286 2466 Cp.
1297 2402 1326 2449 in

127 2469 216 2532 speech.
250 2470 292 2517 He
309 2469 396 2532 replics
413 2474 437 2517 ta
451 2471 528 2531 Aper,
546 2467 602 2515 and
616 2467 702 2532 briesty
752 2469 888 2528 medcb,18.
902 2482 915 2528 3
930 2467 1189 2531 (Roby‚§§1975-6).
1216 2467 1327 2530 Perhaps

128 2534 300 2584 characterizcs
313 2533 353 2581 tire
365 2534 451 2596 points
466 2534 495 2580 in
506 2531 588 2580 which
599 2540 702 2582 contem·
753 2534 795 2582 the
805 2541 899 2582 nearest
908 2532 1027 2584 Tacitean
1035 2533 1177 2596 analogyto
1187 2532 1327 2597 inconfessa

123 2606 220 2664 parary
230 2599 337 2648 rhetoric
347 2598 432 2664 differs
438 2598 510 2664 fram
527 2597 567 2646 the
578 2599 703 2662 cloqucncc
751 2599 773 2647 is
786 2599 852 2648 Hist.
865 2599 881 2646 i.
895 2599 932 2661 78,
946 2612 976 2659 13
992 2599 1046 2662 ipse
1062 2599 1090 2646 in
1105 2604 1220 2661 suspensa
1232 2599 1325 2645 tenuit:

127 2664 347 2730 osflsrmcrtimes.
752 2681 792 2729 cp.
814 2665 900 2727 Agric.
922 2664 938 2712 i.
959 2662 975 2711 6
997 2679 1070 2726 agere
1093 2663 1168 2726 digna
1189 2668 1327 2711 memoratu

162 2732 205 2779 25.
225 2743 246 2778 1.
269 2732 471 2786 praescriptam
494 2765 501 2778 .
522 2766 528 2778 .
547 2764 553 2777 .
573 2730 701 2787 formam,
753 2744 858 2795 pronum
867 2730 994 2794 magisque
1003 2729 1032 2776 in
1040 2735 1124 2791 aperto
1132 2735 1193 2787 erat,
1201 2729 1229 2776 in
1238 2727 1327 2775 occulta

130 2797 188 2844 ‘the
196 2796 316 2844 direction
327 2811 376 2856 you
385 2795 448 2843 have
456 2793 507 2842 laid
516 2794 589 2843 down
600 2794 639 2841 ior
647 2791 703 2843 me?
755 2795 832 2860 (Anu.
846 2795 862 2842 i.
875 2808 914 2857 49.
928 2808 942 2856 5
960 2793 1009 2842 and
1026 2793 1113 2853 often),
1132 2790 1181 2841 and
1197 2800 1263 2840 most
1280 2792 1327 2841 ire-

130 2863 224 2910 Farma
238 2861 259 2909 is
276 2861 334 2908 here
350 2859 392 2908 the
407 2858 529 2909 ‘outline’
541 2858 658 2908 sketched
670 2858 704 2922 by
753 2859 856 2925 quently
869 2859 898 2907 os
906 2860 940 2908 all
952 2859 982 2907 in
994 2858 1093 2907 incerta.
1127 2859 1171 2907 Dr.
1185 2863 1197 2916 ᾗ
1211 2858 1250 2905 80.

130 2927 272 2975 Maternus:
287 2924 364 2973 ‘ratio
373 2922 563 2989 disputationis,’
574 2925 605 2974 G.
614 2924 661 2973 and
671 2925 702 2974 G.
787 2927 809 2973 8.
828 2928 874 2974 illi
884 2928 959 2981 parti
969 2927 1114 2972 sermonis.
1134 2923 1180 2972 See
1187 2938 1237 2987 esp.
1248 2923 1286 2972 18.
1297 2935 1327 2984 14

130 2991 258 3040 Andresen
281 2989 342 3040 cites
361 2991 427 3040 Anu.
450 2990 501 3038 xiii.
519 3005 544 3051 4,
560 2989 577 3038 6
596 2989 703 3039 formam
752 2991 778 3039 in
787 2990 837 3038 illis
846 3005 943 3055 quoque
950 2990 1114 3052 quosvocatis
1122 2989 1235 3053 antiquos
1244 2988 1328 3052 plures

131 3057 205 3106 iuturi
218 3057 369 3120 principatus
381 3055 545 3120 praescripsit.
754 3056 848 3121 species
867 3054 1022 3118 deprehendi.
1044 3070 1090 3104 nee
1112 3055 1196 3104 statim
1221 3053 1329 3103 deterius

166 3136 187 3171 a.
205 3125 289 3170 diu:
303 3121 387 3170 multis
398 3121 486 3180 verbis,
505 3136 532 3168 as
546 3122 585 3170 11.
598 3134 621 3183 3.
657 3120 704 3184 Cp.
754 3137 806 3171 esse
818 3121 885 3184 quod
895 3121 1018 3169 diversum
1029 3125 1080 3169 est:
1098 3136 1137 3184 cp.
1150 3123 1189 3168 21.
1202 3132 1232 3182 14
1243 3134 1296 3183 sqq.

131 3188 198 3235 Ann.
218 3187 251 3236 vi.
271 3195 310 3248 27,
334 3200 362 3249 15
382 3201 461 3250 neque
481 3185 596 3234 nobilitas
612 3185 705 3234 diutius
787 3189 819 3235 ln
839 3200 895 3244 qua
911 3189 1046 3234 nimirum
1062 3188 1175 3245 fatetur,
1188 3186 1284 3234 ‘where
1302 3183 1330 3232 oi

131 3252 322 3302 demonstranda
339 3259 391 3301 est:
409 3253 441 3300 iv.
459 3249 499 3315 69,
518 3264 562 3300 10:
581 3251 624 3301 xii.
635 3249 660 3310 6,
673 3265 705 3313 4:
755 3266 839 3302 course
846 3251 878 3300 he
885 3251 931 3299 has
939 3248 1067 3299 toadmit!
1079 3249 1192 3300 Miiller's
1200 3251 1328 3314 ingenious

131 3319 164 3366 vi.
175 3332 217 3380 49,
230 3319 262 3367 8:
281 3318 347 3367 Hist.
359 3318 376 3367 i.
394 3315 433 3377 16,
451 3330 478 3364 21
498 3332 597 3367 monere
614 3316 706 3365 diutius
755 3317 857 3381 reading
865 3331 916 3381 qua
924 3316 999 3380 quasi
1008 3316 1146 3364 comacinas
1156 3317 1228 3365 nisus
1239 3317 1260 3364 is
1271 3331 1328 3380 sup·

131 3398 211 3446 neque
222 3384 341 3447 temporis
351 3382 432 3442 huius,
444 3386 491 3432 &a
756 3383 843 3447 ported
864 3384 897 3459 by
913 3384 955 3431 the
973 3382 1095 3432 reference
1115 3389 1142 3430 to
1163 3384 1202 3432 18.
1220 3381 1237 3430 6
1256 3395 1329 3459 agere

132 3445 706 3577 ..a.·35.t‡.t:2.55?i²3l213²t¹?⁰.131⁵.tlt
756 3447 982 3575 stultitiis
990 3447 1329 3577 tltllffhhthdtll

134 3581 228 3642 5107),
248 3583 279 3626 ‘a
294 3579 378 3626 verbal
398 3578 510 3641 dispare!
553 3578 638 3640 Quint.
655 3577 706 3626 viii.
748 3578 852 3641 fatetur
861 3578 1087 3642 must=profitetur
1096 3579 1146 3639 (17.
1158 3580 1207 3642 17).
1228 3579 1252 3627 It
1264 3581 1284 3627 is
1296 3594 1328 3626 on

133 3658 157 3705 3,
171 3654 183 3707 7
196 3645 317 3692 diversum
329 3649 366 3692 est
377 3659 454 3707 genus
469 3658 526 3692 cum
540 3642 708 3693 controversia
757 3644 799 3693 the
809 3643 945 3692 admissian
957 3644 1026 3692 made
1033 3643 1064 3707 by
1072 3645 1140 3708 Aper
1147 3645 1201 3692 that
1210 3642 1331 3693 Messalla

132 3710 244 3759 consistit
255 3710 280 3757 in
291 3709 397 3757 nomine.
757 3724 835 3758 seems
850 3716 876 3757 to
891 3709 967 3757 found
978 3709 1017 3758 his
1028 3716 1156 3773 argument
1168 3709 1206 3758 ior
1217 3709 1260 3757 the
1274 3723 1329 3774 pre·

166 3781 319 3833 tamquam,
346 3772 473 3837 ‘alleging
494 3771 565 3832 that:
595 3775 642 3822 ‘on
664 3771 707 3822 the
757 3776 882 3823 eminence
894 3775 923 3823 of
931 3773 972 3824 the
983 3775 1129 3824 Ciceronian
1141 3791 1195 3838 age.

132 3838 229 3904 ground
240 3837 310 3888 that!
343 3839 393 3903 Cp.
406 3842 429 3887 2.
443 3853 464 3894 2.
479 3852 525 3903 153
544 3841 582 3887 10.
596 3849 634 3900 27.
790 3854 814 3904 9.
832 3842 932 3890 etiam.
946 3876 952 3888 .
965 3843 1101 3890 ‚nedum
1116 3847 1205 3889 ‘even
1218 3877 1224 3890 .
1238 3837 1330 3888 .much

165 3920 189 3967 4.
213 3911 278 3955 anto
300 3911 415 3954 centum
440 3919 535 3954 annos.
589 3902 708 3953 Messalla
757 3902 840 3954 more!
874 3905 921 3968 Cp.
937 3905 1002 3954 Ann.
1019 3921 1059 3954 xv.
1074 3919 1114 3968 59,
1131 3905 1147 3954 6
1164 3906 1238 3954 etiam
1255 3905 1330 3952 sortes

133 3970 252 4034 presersa
268 3970 347 4018 round
363 3970 475 4029 number,
492 3987 520 4020 as
536 3969 709 4018 sufficientior
757 3971 824 4020 viros
835 3971 923 4019 subitis
939 3969 1023 4018 terreri
1039 3970 1129 4019 nedum
1147 3971 1189 4019 ille
1205 3970 1330 4018 scaenicus

133 4035 172 4084 his
182 4051 297 4100 purpose.
758 4051 883 4084 ...arma
901 4043 984 4084 contra
1001 4036 1090 4084 cieret:
1111 4035 1163 4083 xiii.
1183 4049 1220 4095 20,
1241 4047 1269 4096 15
1287 4034 1329 4082 sed

168 4114 191 4162 5.
209 4105 244 4149 do
261 4104 409 4150 vocabulo.
453 4099 526 4148 Nihil
549 4099 615 4149 enim
637 4099 709 4148 refert
758 4101 901 4164 culcunque,
928 4100 1020 4148 nedum
1047 4101 1142 4164 parenti
1164 4096 1331 4149 defensionem

133 4166 261 4230 quomodo
287 4165 503 4231 appelletur...
525 4180 571 4214 nec
600 4171 710 4213 mutatur
757 4166 927 4215 tribuendam:
946 4164 1014 4213 Hist.
1026 4165 1061 4214 iii.
1074 4165 1114 4226 66,
1128 4180 1166 4229 14.

133 4231 262 4280 vocabulis
273 4233 310 4280 vis
321 4246 409 4290 rerum,
423 4230 509 4293 Quint.
522 4230 555 4279 ix.
569 4244 592 4290 1,
605 4239 627 4294 7.
794 4244 832 4280 10.
854 4245 911 4287 quo
927 4233 1049 4279 modo..
1064 4266 1069 4279 .
1082 4234 1130 4281 sic.
1175 4230 1209 4280 So
1226 4233 1266 4282 86.
1284 4242 1331 4292 333

167 4295 191 4344 6.
209 4299 339 4357 appellet,
348 4297 488 4346 concessive
496 4295 657 4358 subjunctive,
666 4301 710 4344 not
759 4295 838 4352 39.6;
857 4299 927 4358 41.9.
957 4296 1096 4357 Quintilian
1114 4297 1180 4345 osten
1197 4298 1242 4346 has
1258 4311 1331 4361 quem

135 4360 276 4426 depending
284 4377 317 4410 on
327 4362 387 4410 sive.
758 4360 795 4410 ad
803 4361 902 4410 aradum
915 4397 921 4410 .
935 4398 941 4410 .
954 4397 960 4409 .
972 4361 1022 4409 sic:
1039 4377 1079 4410 see
1091 4377 1124 4410 on
1135 4379 1158 4410 re
1172 4375 1195 4426 5,
1209 4373 1247 4426 17.

170 4437 191 4489 7.
207 4430 239 4474 in
250 4429 378 4476 confesso
389 4429 441 4475 cit:
459 4427 498 4479 27.
509 4437 531 4485 3.
551 4424 642 4474 Novak
649 4425 710 4476 cites
796 4441 833 4475 11.
852 4430 966 4485 primas,
976 4443 1008 4475 sc.
1016 4435 1105 4491 partes.
1122 4427 1157 4477 So
1164 4428 1331 4484 Annxiuar,

135 4491 185 4541 this
196 4492 284 4556 phrase
296 4493 359 4540 from
372 4492 456 4554 Quint.
470 4491 541 4541 Decl.
555 4491 606 4554 (ed.
616 4491 710 4549 Ritter)
762 4505 790 4540 21
804 4492 960 4556 eloquentiae
974 4492 1067 4557 primas
1084 4509 1158 4543 nemo
1174 4494 1241 4555 tulit,
1250 4493 1333 4543 which

708 4596 766 4650 Fa
