3046 5032
316 395 325 398 -
404 353 642 419 nitrosus
672 354 741 414 aa
767 352 1068 417 onironrsus.
1294 369 1332 434 19
1400 315 1403 319 ’

135 521 206 600 sine
222 526 509 590 commendatione
524 525 692 604 natalium,
707 526 778 590 sine
792 525 979 591 substantia
994 523 1201 599 facultatum,
1218 531 1334 586 neuter
1351 546 1379 596 ¹5

74 664 76 668 ⁴
136 637 281 700 moribus
302 638 461 719 egregius,
476 638 560 703 alter
583 638 700 703 habitu
719 659 852 720 quoque
872 638 1020 722 corporis
1038 644 1260 719 contemptus,
1276 656 1335 718 per

136 749 259 812 multos
285 750 484 825 iamannos
510 752 732 834 potentissimi
754 760 831 814 sunt
861 751 1005 816 civitatis
1032 771 1071 815 ac
1101 752 1208 814 donec
1237 748 1335 813 libuit
1368 779 1370 784 ¹

137 861 299 945 principes
319 861 401 937 fori:
424 882 511 926 nunc
528 863 691 947 principes
710 863 742 925 in
759 862 909 927 Caesaris
926 862 1074 928 amicitia
1089 870 1194 944 agunt
1209 861 1334 925 ferunt-

136 994 200 1056 que
230 984 347 1038 cuncta
376 983 476 1057 atque
505 975 548 1038 ab
579 975 650 1058 ipso
686 975 831 1058 principe
864 995 940 1039 cum
976 975 1119 1056 quadam
1153 972 1334 1036 reverentia

136 1084 325 1167 diliguntur,
346 1086 423 1167 quia
438 1086 671 1170 Vespasianus,
686 1087 880 1152 venerabilis
901 1107 1005 1151 senex
1023 1096 1057 1150 et
1076 1085 1332 1169 patientissimus
1348 1103 1380 1138 20

135 1198 210 1272 veri,
225 1199 310 1262 bene
326 1198 486 1282 intellegit
502 1209 627 1263 ceteros
648 1199 782 1281 quidem
803 1199 927 1264 amicos
948 1220 1024 1263 suos
1045 1199 1083 1262 iis
1106 1198 1165 1263 niti
1186 1217 1271 1280 quae
1291 1197 1334 1260 ab

136 1309 209 1390 ipso
231 1311 417 1394 acceperint
440 1331 591 1393 quaeque
613 1311 675 1394 ipsi
697 1311 905 1376 accumulare
927 1319 961 1375 et
987 1311 1020 1373 in
1049 1309 1131 1375 alios
1157 1328 1335 1391 congerere

136 1430 328 1504 promptum
352 1423 403 1501 sit,
426 1422 622 1486 Marcellum
644 1433 756 1487 autem
779 1433 814 1487 et
833 1421 988 1507 Crispum
1006 1422 1155 1486 attulisse
1173 1421 1216 1485 ad
1232 1421 1333 1484 amic-

137 1532 229 1595 itiam
253 1554 347 1598 suam
374 1535 463 1616 quod
491 1555 557 1598 non
586 1554 607 1597 a
632 1535 780 1618 principe
802 1536 986 1618 acceperint
1009 1555 1069 1600 nec
1090 1534 1196 1617 accipi
1219 1533 1333 1615 possit.

137 1642 314 1708 Minimum
331 1646 415 1709 inter
429 1654 481 1710 tot
496 1666 535 1710 ac
550 1656 643 1710 tanta
664 1647 774 1710 locum
795 1648 947 1712 obtinent
963 1647 1124 1730 imagines
1142 1665 1181 1710 ac
1197 1644 1285 1708 tituli
1301 1653 1334 1708 et
1349 1661 1379 1711 ²5

136 1766 274 1835 statuae,
290 1778 375 1839 quae
395 1778 503 1841 neque
524 1758 596 1841 ipsa
615 1770 729 1823 tamen
750 1759 976 1851 negleguntur,
998 1768 1067 1822 tam
1083 1757 1215 1823 hercule
1232 1776 1334 1839 quam

137 1869 271 1932 divitiae
294 1879 327 1934 et
350 1891 441 1953 opes,
465 1891 548 1952 quas
571 1870 696 1935 facilius
719 1871 862 1935 invenies
888 1871 944 1954 qui
966 1871 1131 1954 vituperet
1154 1890 1254 1951 quam
1277 1869 1334 1951 qui

136 1980 292 2044 fastidiat.
339 1983 404 2044 His
420 1982 519 2065 igitur
539 1991 572 2046 et
592 1982 773 2046 honoribus
792 1993 826 2046 et
846 1983 1049 2046 ornamentis
1070 1991 1105 2046 et
1123 1980 1334 2046 facultatibus

172 2124 210 2171 18.
228 2137 296 2169 nunc
305 2121 451 2186 [principes]
461 2121 612 2172 Helmreich
681 2137 720 2172 21.
737 2122 783 2171 vir
792 2123 844 2171 HV
854 2123 897 2188 Sp.
911 2122 1122 2187 (sapientissimus
1129 2122 1175 2170 vir
1184 2118 1334 2185 Acidalius).

136 2195 223 2237 cetoros
241 2188 303 2247 Pur,
321 2193 344 2235 et
359 2195 446 2236 ceteros
460 2187 533 2236 codd.
635 2201 673 2237 22.
693 2188 744 2252 ipsi
760 2188 867 2252 Lipsius,
887 2187 947 2252 apsis
963 2188 1037 2237 codd.
1138 2201 1175 2248 23.
1193 2187 1228 2235 sit
1245 2187 1333 2252 Halm,

136 2261 171 2303 est
182 2253 255 2302 codd.
329 2267 368 2315 24.
380 2252 460 2317 possit
471 2252 578 2314 ABCH,
584 2254 684 2317 possint
694 2253 809 2314 EV2DA.
883 2268 923 2317 25.
941 2254 1011 2303 inter
1020 2253 1078 2302 haec
1088 2259 1124 2302 tot
1134 2253 1240 2302 Vahlen.

171 2390 209 2439 15.
227 2380 288 2426 sine
305 2381 551 2427 commendatione
562 2380 709 2428 natalium.
760 2381 823 2428 &cr
844 2379 981 2443 Vespasian
997 2376 1044 2427 has
1059 2393 1129 2428 more
1144 2377 1206 2427 need
1223 2377 1253 2426 of
1265 2375 1334 2426 them

137 2443 184 2506 Cp.
197 2443 250 2491 Cic.
263 2444 331 2491 Brut.
343 2450 355 2503 ξ
369 2441 401 2507 96
412 2444 489 2492 homo
505 2458 549 2507 per
560 2459 586 2492 se
597 2444 711 2508 cognitus
760 2444 821 2492 than
831 2444 891 2507 they
901 2444 964 2493 have
975 2444 1003 2493 of
1012 2443 1073 2492 him.

136 2508 188 2556 siue
207 2508 261 2556 ulla
280 2509 496 2558 commendatione
513 2509 643 2569 maiorum,
662 2508 711 2558 and
795 2523 833 2559 22.
853 2513 1035 2558 accumulare.
1058 2508 1113 2557 The
1125 2507 1266 2573 compound
1274 2507 1334 2556 verb

137 2573 256 2636 similarly
274 2574 329 2623 Cat.
346 2574 363 2621 i.
385 2577 398 2631 ς
421 2575 451 2621 28
470 2574 539 2622 nulla
554 2575 710 2623 commenda·
761 2589 848 2624 occurs
876 2574 935 2638 only
961 2575 1020 2623 here
1049 2575 1073 2622 in
1101 2573 1211 2631 Tacitus,
1238 2571 1335 2636 though

137 2640 205 2687 tione
224 2638 360 2689 maiorum:
378 2655 424 2702 pro
441 2639 525 2688 Planc.
539 2643 552 2698 ς
565 2638 604 2702 67.
641 2639 709 2687 Each
761 2640 891 2688 canarolora
909 2641 932 2688 is
950 2655 1067 2690 common
1086 2638 1191 2702 enough.
1225 2636 1259 2686 So
1279 2637 1335 2685 also

136 2719 187 2751 was
201 2707 302 2752 ‘auctor
317 2704 456 2754 nobilitatis
468 2703 542 2766 suae,’
556 2704 607 2753 like
623 2705 711 2754 Cicero
761 2706 932 2755 accumulator
951 2705 977 2753 in
997 2706 1063 2752 Anu.
1084 2703 1121 2751 iii.
1145 2716 1183 2762 30.
1207 2718 1221 2766 5
1246 2705 1334 2766 (opum

137 2769 245 2829 himself,
256 2770 329 2818 Tusc.
342 2771 375 2818 iv.
389 2776 401 2828 5
416 2784 439 2819 2.
761 2770 940 2834 accumulator)
956 2770 977 2817 is
988 2785 1003 2818 a
1013 2767 1075 2830 ἅπαξ
1086 2766 1228 2828 λεγόμενον.

169 2838 329 2884 substantia
350 2831 435 2884 means
450 2835 509 2884 here
531 2832 711 2895 ‘foundation’
797 2849 834 2897 23.
853 2838 889 2883 ad
914 2838 1068 2884 amicitiam
1089 2849 1178 2894 auam,
1202 2836 1244 2882 ‘to
1270 2831 1335 2881 their

137 2916 171 2958 or,
180 2899 412 2963 rather,‘support.’
428 2899 588 2949 SoPaulinus
599 2900 628 2949 of
633 2900 710 2959 Nola,
761 2899 980 2965 friendship'with
1002 2899 1071 2948 him.¹
1105 2898 1152 2962 Cp.
1175 2898 1246 2948 Caes
1269 2898 1333 2947 Bell.

137 2966 185 3029 Ep.
195 2981 218 3012 v.
227 2977 241 3027 5
252 2966 302 3026 (ed.
312 2963 408 3029 Migne)
418 2967 555 3015 substantia
564 2964 710 3014 facultatum
761 2965 829 3015 Gall.
842 2966 857 3013 i.
868 2980 900 3029 43
912 2965 979 3030 quod
988 2980 1045 3013 vero
1055 2963 1086 3013 ad
1098 2964 1233 3012 amicitiam
1245 2962 1334 3028 populi

109 3061 114 3068 -
136 3046 186 3078 non
196 3031 315 3093 egentior.
349 3030 405 3079 The
416 3030 486 3079 word
497 3046 576 3079 seems
582 3036 609 3080 to
618 3030 711 3094 belong
760 3031 869 3079 Romani
884 3031 1032 3090 attulissent,
1043 3030 1070 3078 id
1085 3029 1116 3078 iis
1131 3030 1194 3093 eripi
1209 3031 1264 3094 quis
1280 3029 1332 3092 pati

137 3102 164 3144 to
181 3095 223 3144 the
240 3096 363 3160 language
381 3096 410 3145 of
421 3096 477 3144 law.
513 3097 576 3145 Itis
593 3111 709 3145 common
759 3097 862 3161 posset?

137 3160 245 3224 enough,
257 3161 318 3208 with
333 3178 348 3208 a
361 3161 496 3210 somewhat
513 3160 608 3210 similar
624 3175 707 3210 mean·
794 3176 832 3224 24.
849 3163 925 3219 quod
937 3159 958 3209 is
969 3157 1014 3208 dard
1026 3159 1108 3208 κοινοῦ
1124 3175 1175 3209 acc.
1193 3158 1255 3208 after
1271 3174 1333 3208 acce·

137 3227 187 3289 ing,
211 3228 237 3274 in
255 3226 410 3288 Quintilian:
431 3232 453 3276 e.
460 3243 485 3290 g.
504 3231 579 3276 verba
598 3227 710 3290 ipsa...
755 3228 845 3291 porint
866 3227 916 3275 and
938 3242 1005 3274 nom.
1027 3233 1054 3276 to
1076 3225 1156 3289 accipi
1171 3225 1256 3289 possit.
1299 3225 1333 3273 So

138 3292 190 3340 sine
208 3307 287 3339 rerum
305 3293 449 3348 substantia,
467 3292 493 3341 ii.
514 3292 711 3352 21,1.—Facul·
762 3293 845 3341 Germ.
856 3292 923 3340 xviii.
933 3292 966 3339 ad
975 3291 1016 3340 lin.
1029 3293 1109 3356 ‘quae
1124 3306 1199 3339 nurus
1210 3290 1334 3354 accipiant

137 3363 198 3404 tates
210 3372 296 3405 occurs
307 3358 381 3420 again
396 3358 422 3405 in
436 3358 478 3406 the
495 3373 563 3407 sense
578 3357 608 3406 of
621 3363 712 3421 operat
760 3373 890 3422 rursusque
901 3357 933 3405 ad
944 3363 1049 3420 nepotes
1060 3354 1208 3405 referantur!

137 3422 179 3470 the
190 3423 239 3470 eud
251 3422 279 3469 of
288 3423 338 3471 this
350 3422 459 3487 chapter.
796 3436 834 3485 25.
851 3425 1000 3471 minimum
1014 3458 1019 3470 .
1033 3457 1039 3470 .
1052 3458 1057 3469 .
1069 3425 1172 3470 locum.
1206 3420 1334 3469 Andresen

172 3486 209 3534 16.
227 3494 413 3544 contemptus.
449 3488 512 3536 This
522 3503 573 3536 was
588 3487 712 3551 probably
762 3495 832 3538 notes
843 3488 893 3536 this
904 3487 1045 3551 expression
1056 3503 1084 3536 as
1095 3492 1139 3534 not
1151 3486 1305 3536 Ciceronian.

137 3552 280 3611 Marcellus,
291 3553 335 3601 but
346 3568 383 3601 we
395 3553 638 3602 cannotbecertaiu.
794 3556 940 3610 imagines.
989 3553 1043 3601 The
1077 3551 1198 3600 reference
1236 3551 1258 3599 is
1289 3558 1334 3601 not

173 3619 209 3665 18.
227 3622 259 3666 in
278 3621 404 3667 (tassaria
422 3622 556 3668 amicitia.
591 3617 625 3667 So
644 3618 711 3666 Anu.
761 3625 789 3667 to
819 3619 889 3682 pride
920 3617 950 3666 of
976 3616 1254 3681 ancestry-Marcellus
1283 3617 1334 3664 and

41 3687 44 3690 ’
137 3683 173 3731 iii.
187 3696 226 3743 30,
242 3682 271 3730 16
284 3683 309 3731 in
318 3683 430 3733 amicitia
441 3684 574 3748 principis:
595 3684 645 3732 and
657 3683 709 3733 xiii.
763 3683 864 3747 Crispus
875 3699 939 3732 were
955 3683 1017 3731 both
1037 3682 1108 3731 ‘novi
1125 3679 1334 3730 homincs‘-but

137 3761 178 3810 45,
190 3759 219 3810 17
230 3748 431 3811 flagrantissimus
438 3751 464 3797 in
476 3749 585 3798 amicitia
594 3749 710 3798 Neronis.
761 3755 787 3797 to
803 3748 846 3797 the
863 3755 960 3798 custom
978 3748 1051 3811 (Plin.
1069 3748 1102 3796 N.
1121 3747 1155 3796 H.
1173 3763 1244 3795 xxxv.
1264 3761 1285 3804 2,
1304 3746 1332 3809 6)

170 3820 259 3871 agunt
274 3815 584 3878 feruntqua,afrequeut
601 3813 711 3863 colloca·
762 3813 791 3862 of
810 3815 935 3863 decoratin
975 3814 1018 3862 the
1040 3813 1130 3861 atrium
1152 3811 1215 3860 with
1243 3812 1333 3860 bronze

137 3880 197 3940 tion,
218 3878 350 3942 especially
372 3881 397 3927 in
417 3880 496 3943 Livy:
524 3894 562 3943 cp.
580 3877 650 3940 ἄγειν
672 3877 711 3926 troi
761 3878 910 3928 medallions
921 3830 1000 3927 oithe
1010 3893 1123 3941 emperor
1133 3877 1182 3924 aud
1196 3876 1225 3923 of
1237 3876 1334 3924 famous

136 3942 226 4005 φέρειν.
260 3944 303 3992 Tr.
316 3944 388 4008 ‘they
400 3961 469 4008 carry
480 3944 515 3992 all
528 3944 612 3993 before
626 3942 711 3994 them.’
761 3959 819 3992 meu
837 3943 908 4005 (such
926 3959 953 3991 as
970 3943 1082 4007 pleaders
1098 3940 1179 4004 might
1195 3942 1287 3989 receive
1305 3956 1333 3989 as

138 4010 167 4057 ln
181 4010 247 4058 Hist.
261 4010 278 4057 i.
292 4023 314 4070 2,
329 4023 367 4072 19,
379 4009 481 4059 Tacitus
497 4009 542 4058 has
557 4011 598 4059 the
614 4009 711 4058 modifi·
761 4009 820 4072 gifts
838 4009 901 4056 from
921 4009 984 4057 their
1003 4005 1118 4070 clients):
1142 4006 1184 4054 the
1202 4005 1333 4069 eulogistic

82 4095 89 4107 ·
136 4075 190 4124 tion
202 4078 274 4124 ‘cum
288 4112 293 4124 .
307 4112 313 4124 .
327 4113 332 4125 .
348 4083 448 4138 agerent
459 4081 582 4124 vomerent
593 4072 697 4125 cuncta?
760 4074 917 4138 inscriptions
928 4074 1018 4136 placed
1029 4071 1181 4120 underneath
1196 4086 1238 4120 are
1253 4072 1333 4134 desig·

173 4155 210 4188 20.
228 4144 408 4189 venerabilis.
433 4140 570 4204 Vespasian
582 4139 667 4189 would
678 4139 711 4188 be
760 4140 835 4188 nated
852 4141 884 4203 by
896 4138 974 4186 tituli.
1008 4138 1057 4201 Cp.
1075 4135 1138 4183 Hor.
1156 4135 1206 4184 Sat.
1225 4137 1240 4184 i.
1258 4135 1282 4196 ⁶,
1303 4148 1332 4200 ¹7

138 4206 215 4254 about
226 4206 350 4268 sixty-five
362 4207 388 4254 in
405 4206 447 4254 the
464 4221 523 4269 year
533 4205 559 4252 in
569 4203 652 4254 which
668 4205 711 4254 the
760 4206 802 4268 qui
814 4211 896 4268 stupet
907 4204 932 4251 in
942 4202 1022 4251 titulis
1032 4211 1057 4251 et
1068 4201 1226 4264 imaginibus.

137 4271 253 4334 dialogus
264 4272 285 4317 is
296 4272 420 4334 supposed
431 4279 458 4319 to
470 4272 532 4319 have
543 4270 618 4320 taken
630 4269 709 4334 place.
795 4270 832 4319 26.
850 4276 909 4318 tam
920 4271 1033 4316 hercule
1046 4281 1138 4325 quam
1150 4269 1156 4291 ‘
1164 4266 1214 4326 just
1226 4282 1253 4314 as
1266 4265 1331 4314 little

170 4335 710 4395 patientissimusvori,‘whonevershuts
760 4335 802 4383 as’
835 4332 965 4382 Translate
979 4332 1054 4380 ‘And
1069 4337 1110 4394 yet
1127 4346 1188 4378 even
1204 4332 1273 4381 these
1290 4347 1331 4380 are

137 4401 176 4449 his
187 4418 244 4464 eyes
255 4408 283 4449 to
294 4401 336 4448 the
346 4398 429 4450 truth'
464 4401 526 4449 This
540 4401 562 4449 is
576 4399 709 4465 explained
759 4408 803 4448 not
814 4399 979 4463 disregarded,
989 4413 1037 4461 any
1047 4410 1116 4445 more
1126 4395 1202 4458 than,'
1212 4400 1259 4447 &a
1282 4397 1331 4461 Cp.

137 4466 226 4528 below,
244 4466 311 4530 quod
329 4481 379 4515 non
398 4482 413 4515 a
432 4466 543 4531 principe
561 4465 710 4530 acceperint,
758 4468 798 4514 21.
812 4478 850 4514 22.

711 4569 769 4622 C2
