3046 5032
404 373 641 437 DIALOGUS
661 374 729 435 DE
751 372 836 435 ORA
846 372 1053 435 TORIBUS.
1287 373 1328 455 65

128 544 249 611 ieiunio
264 557 519 628 consequuntur.
565 547 666 611 Porro
684 566 727 612 ne
740 547 774 610 in
794 566 932 630 corpore
949 547 1085 629 quidem
1100 536 1326 612 valetudinem

128 658 248 722 medici
277 659 418 741 probant
452 679 537 742 quae
566 658 669 725 animi
698 659 869 725 anxietate
898 659 1081 743 contingit3
1122 679 1238 743 patum
1276 668 1327 723 est
1343 684 1371 736 ¹5

127 791 264 854 aegrum
296 792 362 836 non
392 793 471 849 esse,
502 771 621 836 fortem
652 781 686 837 et
710 772 833 837 laetum
858 781 894 838 et
920 772 1061 837 alacrem
1087 771 1174 837 volo.
1219 771 1328 854 Prope

127 884 221 946 abest
249 882 292 947 ab
317 881 508 947 infirmitate
535 882 569 946 in
595 904 663 965 quo
689 884 760 947 sola
786 884 911 950 sanitas
938 883 1102 950 laudatur.
1147 884 1218 949 Vos
1239 904 1326 962 vero,

128 996 199 1060 viri
218 994 433 1075 disertissimi,
448 1006 485 1060 ut
507 995 658 1077 potestis,
673 1006 710 1059 ut
732 997 848 1072 facitis,
863 995 1036 1060 inlustrate
1058 994 1226 1060 saeculum
1250 1015 1325 1059 nos-

126 1117 215 1171 trum
234 1107 456 1190 pulcherrimo
478 1128 598 1190 genere
620 1109 761 1173 dicendi.
807 1108 896 1174 Nam
918 1119 953 1174 et
975 1119 1018 1188 te,
1042 1107 1210 1186 Messalla,
1227 1108 1326 1172 video

127 1216 307 1284 laetissima
329 1240 480 1303 quaeque
502 1220 712 1304 antiquorum
736 1221 932 1298 imitantem,
959 1232 992 1286 et
1015 1243 1083 1299 vos,
1111 1221 1264 1284 Materne
1286 1240 1325 1283 ac
1342 1237 1372 1272 ²0

127 1328 290 1423 Secunde,
319 1333 366 1396 ita
395 1332 547 1416 gravitati
577 1352 733 1405 sensuum
763 1333 901 1397 nitorem
932 1341 966 1397 et
995 1332 1121 1398 cultum
1150 1331 1325 1397 verborum

126 1442 282 1522 miscetis,
301 1465 342 1509 ea
356 1443 474 1509 electio
489 1444 694 1523 inventionis,
710 1445 738 1508 is
759 1446 842 1509 ordo
864 1465 983 1521 rerum,
998 1465 1037 1508 ea
1055 1445 1208 1528 quotiens
1226 1463 1326 1508 causa

126 1557 234 1638 poscit
257 1557 399 1634 ubertas,
421 1576 460 1621 ea
482 1556 635 1639 quotiens
658 1557 822 1639 permittit
846 1555 999 1635 brevitas,
1023 1559 1051 1621 is
1075 1556 1325 1639 compositionis

126 1670 236 1744 decor,
255 1690 295 1733 ea
318 1668 554 1733 sententiarum
576 1668 719 1752 planitas
741 1678 800 1744 est,
822 1669 869 1733 sic
892 1668 1081 1752 exprimitis
1103 1668 1263 1747 adfectus,
1279 1668 1325 1733 sic

126 1780 314 1845 libertatem
337 1781 538 1863 temperatis
559 1790 597 1846 ut
620 1781 721 1845 etiam
744 1781 772 1843 si
795 1791 908 1845 nostra
935 1781 1056 1846 iudicia
1080 1779 1269 1864 malignitas
1292 1791 1325 1844 et
1345 1789 1374 1838 ²5

126 1892 249 1959 invidia
264 1893 453 1972 tardaverit,
467 1912 581 1956 verum
597 1893 641 1957 de
655 1892 751 1957 vobis
766 1892 886 1957 dicturi
901 1893 967 1957 sint
982 1892 1106 1976 posteri
1121 1890 1244 1956 nostri.'

169 2008 234 2075 24.
258 2005 354 2088 Quae
364 2026 441 2069 cum
458 2004 552 2086 Aper
566 2004 715 2082 dixisset,
728 2001 1022 2085 ‘Adgnoscitisne'
1036 2004 1143 2086 inquit
1153 2004 1325 2068 Maternus

126 2117 213 2180 ‘vim
221 2126 255 2181 et
267 2119 419 2181 ardorem
428 2115 514 2200 Apri
524 2116 651 2181 nostri?
689 2114 768 2199 Quo
778 2125 932 2192 torrente,
942 2136 1012 2198 quo·
1020 2116 1146 2198 impetu
1157 2115 1325 2180 saeculum

127 2237 277 2292 nostrum
303 2228 470 2294 defendit!
517 2227 628 2311 Quam
655 2229 791 2311 copiose
816 2249 855 2292 ac
877 2229 968 2293 varie
992 2230 1128 2293 vexavit
1154 2229 1325 2312 antiquos!

126 2336 263 2421 Quanto
289 2361 356 2405 non
381 2338 488 2406 solum
513 2339 645 2422 ingenio
670 2360 709 2405 ac
731 2339 858 2423 spiritu,
880 2341 938 2405 sed
962 2340 1063 2405 etiam
1086 2341 1269 2406 eruditione
1291 2350 1325 2405 et

160 2514 198 2563 15.
215 2501 300 2549 animi
310 2500 396 2563 codd,
407 2497 494 2551 nimia
501 2501 613 2562 Schulze,
626 2501 714 2551 Halm.
811 2501 851 2552 18.
868 2500 925 2551 viri
935 2501 992 2550 add.
1002 2501 1140 2551 Acidalius.
1241 2518 1278 2552 22.
1296 2519 1325 2552 ra

125 2567 237 2630 quotiens
248 2566 384 2631 Wopkens,
397 2573 421 2616 et
427 2568 539 2631 quatiens
550 2567 622 2616 codd.
700 2581 738 2629 23.
750 2568 915 2630 permittitur
925 2566 998 2617 codd.
1010 2576 1096 2630 except
1108 2569 1137 2616 E.
1213 2583 1252 2629 24.
1265 2569 1324 2631 pla·

125 2633 194 2680 nitas
210 2639 275 2681 most
292 2632 374 2689 codd..
380 2633 493 2695 plenitas
504 2633 525 2680 B
536 2648 598 2682 corr.
609 2632 659 2682 and
671 2633 704 2688 D,
712 2634 829 2696 gravitas
844 2633 985 2697 Schulting,
996 2633 1093 2681 sanitas
1104 2633 1210 2698 Lipsius,
1222 2634 1325 2682 claritas

125 2696 283 2747 Cornelissen
296 2696 345 2763 (cp.
358 2698 443 2762 Quint.
455 2698 481 2748 ii.
498 2697 537 2760 16,
551 2712 598 2759 103
609 2698 661 2747 viii.
674 2711 699 2760 3,
712 2699 765 2763 70).

123 2839 212 2902 vigour
221 2837 267 2888 but
278 2838 343 2887 their
356 2838 562 2888 abstemiousness
574 2836 629 2888 that
639 2837 700 2915 ¹they
750 2838 779 2915 oi
792 2837 835 2888 the
851 2837 931 2888 Silver
945 2839 1001 2902 Age
1017 2844 1104 2914 tonse
1120 2838 1229 2889 abstract
1244 2853 1324 2888 nouus
1348 2847 1356 2931 1

124 2904 187 2954 have
203 2911 231 2953 to
247 2903 325 2954 thauk
342 2903 382 2953 lor
395 2904 438 2953 the
454 2904 556 2968 healthy
571 2902 699 2953 condition
749 2904 809 2954 with
820 2920 835 2953 a
846 2911 960 2953 concrete
970 2919 1094 2966 meaning.

124 2970 154 3019 oi
167 2968 249 3018 which
265 2969 325 3032 they
338 2970 424 3020 boast'
452 2970 500 3034 Cp.
513 2970 598 3034 Quint.
610 2969 636 3018 ii.
647 2983 700 3035 4‚9
784 2983 823 3032 ²4
840 2972 972 3030 planitas,
982 2975 1051 3032 ‘pers
1069 2965 1164 3032 icuity.’
1182 2968 1245 3017 This
1253 2968 1324 3017 word

123 3034 214 3085 macies
225 3034 277 3084 illis
287 3049 333 3099 pro
344 3035 457 3085 sanitate.
749 3035 811 3084 does
826 3040 872 3083 not
888 3049 962 3085 occur
979 2985 1126 3084 elseivlere:
1152 3049 1190 3098 cp.
1210 3034 1324 3083 however

159 3113 197 3164 14.
206 3099 497 3164 Porro‚continuingthe
503 3106 646 3164 argument:
660 3115 701 3150 see
750 3100 803 3150 Cic.
816 3099 881 3164 Top.
895 3104 951 3165 §97
965 3099 1119 3149 efficiendum
1134 3105 1171 3148 est
1184 3136 1190 3149 .
1204 3136 1210 3150 .
1223 3114 1323 3149 ,enarra-

124 3181 157 3214 on
166 3168 189 3215 5.
200 3176 222 3230 7.
249 3166 300 3214 For
301 3172 397 3229 parum
403 3173 446 3224 est,
454 3180 495 3214 see
502 3165 595 3215 Introd.
602 3181 628 3230 p.
637 3165 699 3216 lviii.
749 3165 829 3216 tiones
841 3172 868 3215 ut
878 3202 884 3215 .
894 3200 900 3212 .
910 3201 916 3214 .
925 3165 1015 3229 planae
1023 3165 1084 3214 sint:
1096 3165 1180 3230 Quint.
1188 3164 1239 3214 viii.
1249 3178 1272 3225 2,
1282 3178 1321 3214 aa.

158 3241 196 3291 17.
213 3233 388 3280 infirmitate.
421 3231 504 3279 Wolff
517 3245 574 3293 says
590 3231 643 3280 that
660 3231 700 3280 in·
782 3233 918 3292 adfectus,
942 3246 976 3280 sc.
998 3236 1098 3280 vestros.
1142 3230 1234 3280 Others
1260 3230 1323 3280 have

114 3296 238 3360 firmitas,
244 3295 330 3357 joined
337 3296 399 3345 with
409 3295 452 3346 the
463 3297 583 3359 genitives
593 3296 700 3360 carparis
749 3296 824 3345 taken
834 3296 978 3359 exprimitis
988 3295 1013 3345 in
1022 3296 1064 3346 the
1073 3311 1143 3346 sense
1151 3296 1180 3345 oi
1189 3293 1324 3357 ‘movetis’

123 3376 153 3410 or
163 3361 325 3422 valetudinis,
337 3376 431 3421 means,
446 3361 472 3409 in
485 3362 599 3412 classical
615 3361 698 3423 Latin,
749 3361 895 3411 ‘excitatis.’

124 3426 184 3490 only
202 3426 410 3491 ‘indispositiom’
449 3425 484 3476 So
501 3427 557 3477 Cic.
575 3426 639 3478 Phil.
654 3428 698 3477 vii.
783 3441 821 3490 25.
839 3431 1008 3482 libertatem,
1024 3443 1052 3476 as
1069 3428 1109 3477 10.
1124 3426 1157 3476 ad
1174 3426 1233 3488 fin.;
1251 3430 1322 3476 ‘out-

126 3504 171 3540 12:
190 3492 357 3549 Rabir.§21:
375 3491 454 3553 Sulla,
467 3496 480 3550 §
494 3505 533 3555 34.
569 3492 618 3558 Cp.
630 3494 695 3542 20.1
748 3490 914 3557 spokenness?
943 3493 990 3556 Cp.
1002 3489 1126 3555 παρρησία.

123 3556 264 3607 infirmitate
274 3557 432 3607 valetudinis
461 3557 490 3606 In
503 3558 566 3606 Plin.
576 3557 625 3623 Ep.
636 3574 660 3608 x.
673 3556 697 3618 6,
780 3564 877 3607 nostru
888 3559 1002 3618 iudicia,
1014 3573 1045 3606 an
1054 3557 1220 3622 appreciative
1228 3557 1322 3607 verdict

126 3635 137 3669 1
150 3623 170 3671 it
181 3622 282 3685 already
291 3623 375 3672 stands
386 3623 424 3671 for
435 3638 451 3671 a
465 3637 535 3671 more
549 3624 643 3672 serious
657 3623 697 3672 ill·
747 3621 811 3672 from
823 3639 860 3684 us,
872 3638 933 3687 your
943 3623 1158 3686 contemporaries.

122 3701 187 3749 ness,
204 3687 253 3737 and
272 3687 335 3738 later
353 3688 374 3736 it
390 3688 458 3751 quite
472 3709 493 3728 =
506 3688 613 3737 niardus.
646 3689 694 3754 Cp.
778 3691 941 3746 malignitas
953 3694 982 3737 et
993 3690 1111 3738 invidia.
1145 3687 1322 3753 So‘maligni·

123 3752 210 3815 Quint.
221 3754 264 3802 xii.
278 3767 316 3814 10,
331 3766 360 3816 15
377 3753 404 3802 hi
416 3759 471 3802 sunt
487 3754 530 3818 qui
545 3768 604 3802 snae
620 3754 696 3805 imbe-
745 3759 830 3804 tateet
840 3754 935 3808 livore‚’
945 3754 1005 3817 Agr.
1018 3753 1059 3803 xli.
1074 3764 1111 3817 17.

123 3818 223 3868 cillitati
239 3819 350 3868 sanitatis
365 3818 567 3883 appellationem,
580 3834 644 3884 qnae
660 3826 697 3869 est
780 3823 883 3869 0h.24.
896 3819 1130 3882 Maternusreprats
1136 3817 1176 3867 the
1184 3818 1320 3867 invitation

123 3884 230 3933 maxime
241 3884 372 3944 contraria,
384 3884 527 3933 obtendunt.
746 3891 770 3934 to
781 3884 900 3933 Messalla
911 3889 935 3932 ta
949 3890 985 3933 set
991 3883 1067 3949 forth
1083 3883 1125 3933 the
1141 3898 1224 3932 causes
1239 3884 1270 3947 of
1280 3884 1321 3932 the

157 3963 197 3998 ar.
214 3964 355 4009 sensuum,
367 3949 425 3998 here
434 3949 464 3998 ol
473 3949 590 4014 thought.
607 3948 653 4000 See
664 3965 697 3999 on
745 3949 839 3999 decline
849 3947 1015 4013 ofelaqurncr.

123 4013 215 4064 20.16.
244 4014 292 4079 Cp.
302 4014 454 4077 throughout
465 4014 552 4079 Quint.
563 4031 589 4065 x.
600 4028 688 4076 1,120.
782 4028 803 4062 1.
830 4017 1059 4073 Adgnoscitisne,
1083 4013 1109 4062 in
1134 4013 1177 4062 the
1200 4027 1270 4062 sense
1293 4012 1323 4062 of

154 4083 277 4129 nitorem
288 4085 317 4128 et
327 4082 444 4130 cultum.
477 4080 654 4130 Seeon20.6.
747 4080 845 4128 ‘There
862 4095 910 4144 yon
926 4079 990 4128 have
1005 4080 1026 4127 it
1039 4077 1143 4141 againl‘
1189 4079 1317 4143 Cp.11.1

156 4159 195 4193 aa.
223 4147 406 4194 inventionis.
450 4145 523 4195 After
549 4146 630 4196 electio
657 4160 696 4195 we
746 4145 826 4195 acrius
837 4152 864 4193 ut
875 4144 972 4194 solebat
983 4151 1007 4194 et
1018 4144 1114 4192 intento
1125 4158 1175 4193 ore.

122 4208 212 4259 should
223 4209 286 4259 have
296 4208 414 4273 expected
424 4209 506 4261 rather
516 4210 694 4260 inventorum:
780 4225 802 4259 2.
819 4215 953 4270 torrente,
971 4208 1068 4272 usually
1084 4208 1145 4257 with
1161 4223 1177 4257 a
1194 4207 1319 4272 genitive:

121 4286 152 4325 tr.
173 4277 215 4324 ‘so
235 4274 432 4338 discriminating
451 4275 478 4324 in
499 4276 542 4325 the
560 4276 646 4326 choice
669 4276 699 4325 oi
745 4291 795 4339 eg.
809 4276 893 4338 Quint.
902 4291 926 4324 x.
939 4283 960 4336 7,
970 4274 1208 4335 23inaniverborum
1216 4275 1318 4323 torrenti

122 4338 252 4390 material!
285 4340 367 4404 Apart
383 4339 448 4389 from
464 4340 507 4391 the
523 4340 573 4391 lact
587 4342 641 4391 that
655 4341 695 4390 in·
744 4341 847 4390 sedare.
882 4339 1318 4405 Cp.Cic.deFin.il.1,3cum...

121 4406 205 4454 ventio
215 4405 237 4455 is
248 4421 263 4454 a
273 4404 394 4455 technical
405 4411 477 4465 term,
493 4407 561 4456 there
577 4406 599 4456 is
615 4422 630 4455 a
647 4407 695 4455 dis·
745 4406 821 4457 fertur
831 4405 902 4469 quasi
912 4413 1007 4455 torrens
1018 4405 1105 4454 oratio.

121 4471 183 4521 tinet
197 4470 318 4535 tendency
329 4486 361 4519 on
373 4471 415 4520 the
426 4479 480 4536 part
495 4472 524 4522 ol
537 4471 580 4521 the
595 4472 696 4522 authors
778 4487 801 4535 4.
819 4473 936 4529 inuento
952 4485 984 4521 eo
1001 4472 1112 4528 spiritu.
1145 4469 1200 4521 The
1217 4484 1320 4533 zeugma

707 4576 728 4625 F
