3046 5032
426 353 753 419 orrrocosor
774 353 1075 418 oenomaus,
1310 351 1352 435 89

154 525 298 591 dixerim
324 525 394 590 sine
420 525 632 610 ingenuitate,
656 526 750 609 quasi
777 546 842 591 una
869 547 913 591 ex
943 525 1176 591 sordidissimis
1205 524 1353 589 artificiis

154 639 308 703 discatur.
355 638 447 720 Ergo
477 637 561 704 hanc
592 639 733 721 primam
757 647 790 702 et
816 639 1028 721 praecipuam
1054 658 1188 704 causam
1213 637 1353 702 arbitror

155 751 261 814 curin
276 760 408 814 tantum
423 750 468 813 ab
485 750 675 833 eloquentia
694 751 903 832 antiquorum
922 760 1091 814 oratorum
1113 750 1353 814 recesserimus.

156 861 195 926 Si
225 871 328 925 testes
358 861 596 939 desiderantur,
626 881 711 945 quos
740 862 890 946 potiores
921 861 1101 926 nominabo
1131 881 1232 945 quam
1262 860 1351 944 apud

156 971 299 1037 Graecos
315 972 586 1050 Demosthenem,
595 993 696 1056 quem
711 974 989 1038 studiosissimum
1004 973 1153 1039 Platonis
1167 973 1352 1037 auditorem
1369 999 1399 1051 25

155 1086 254 1149 fuisse
269 1085 449 1149 memoriae
470 1085 640 1168 proditum
656 1091 732 1149 esti
777 1086 824 1150 Et
843 1085 961 1150 Cicero
976 1085 1035 1160 his,
1052 1066 1089 1150 ut
1104 1086 1229 1170 opinor,
1244 1085 1353 1149 verbis

156 1197 262 1274 refert,
279 1196 436 1280 quidquid
453 1197 486 1260 in
500 1196 689 1278 eloquentia
701 1197 853 1276 effecerit,
863 1199 896 1262 id
908 1218 1020 1262 senon
1030 1197 1199 1263 rhetorum
1211 1197 1354 1282 officinis,

156 1309 214 1372 sed
232 1308 437 1373 Academiae
452 1311 569 1392 spatiis
586 1320 810 1374 consecutum.
855 1309 942 1374 Sunt
965 1309 1050 1374 aliae
1069 1330 1195 1385 causae,
1213 1329 1354 1393 magnae

156 1429 191 1484 et
206 1440 330 1502 graves,
346 1441 429 1503 quas
443 1442 463 1486 a
478 1422 574 1486 vobis
588 1422 707 1506 aperiri
726 1441 869 1503 aequum
886 1429 945 1496 est,
962 1421 1118 1503 quoniam
1134 1421 1269 1503 quidem
1290 1439 1354 1504 ego

156 1533 223 1597 iam
240 1553 351 1598 meum
369 1554 490 1598 munus
505 1534 644 1617 explevi,
654 1546 687 1598 et
702 1535 793 1617 quod
809 1533 888 1597 mihi
905 1534 938 1596 in
951 1534 1190 1599 consuetudine
1204 1543 1262 1611 est,
1274 1533 1354 1599 satis
1368 1554 1401 1606 30

157 1644 280 1709 multos
290 1645 423 1724 offendi,
434 1667 526 1730 quos,
535 1648 562 1711 si
572 1646 658 1713 forte
673 1645 755 1711 haec
764 1646 938 1723 audierint,
947 1654 1074 1709 certum
1088 1644 1197 1710 habeo
1209 1646 1354 1710 dicturos

191 1817 229 1853 aa.
246 1806 316 1870 Ergo
327 1806 494 1871 EV2HCAD,
506 1823 548 1873 rgo
559 1809 611 1858 ΑΒ.
645 1808 757 1857 arbitror
771 1822 819 1855 cur
833 1806 897 1865 Put,
908 1805 1052 1855 arbitratur
1065 1806 1138 1871 (tus)
1149 1806 1233 1865 ΑΒΗ,
1244 1805 1356 1855 arbitror

157 1869 213 1919 DC.
304 1885 341 1932 23,
356 1874 498 1923 intantum
510 1882 574 1923 most
585 1873 669 1934 codd,
681 1879 781 1922 tantum
794 1872 846 1921 HV
858 1872 907 1920 and
917 1871 974 1920 edd.
1067 1883 1105 1935 27.
1123 1886 1174 1921 non
1185 1872 1215 1920 in
1226 1871 1353 1921 rhetorum

157 1934 295 1987 Acidalius.
328 1938 432 2003 officinis
443 1939 524 2003 suppl.
537 1940 621 1989 Haase
633 1939 698 2000 (Cic.
709 1939 754 1987 Or.
769 1941 781 1996 5
795 1940 844 1998 ra).
945 1950 982 2001 ²9·
1001 1937 1123 1987 aoobr'sb
1136 1936 1275 1997 Rhenanus,
1288 1936 1355 1988 vobis

157 2000 230 2053 codd.
363 2017 401 2066 31.
416 2021 476 2069 quas
483 2005 602 2055 Pithoeus
614 2003 675 2069 (and
686 2005 732 2066 D),
743 2003 810 2069 quod
819 2001 891 2052 codd.

113 2168 116 2173 '
157 2157 259 2208 Cicero:
277 2159 309 2209 de
321 2160 376 2208 Fin.
387 2160 404 2209 i.
418 2165 473 2224 544
489 2167 618 2226 amputata
629 2161 731 2210 circum·
781 2158 834 2209 Cic.
847 2158 889 2209 Or.
903 2161 916 2216 5
928 2171 956 2220 15
975 2156 1016 2221 (de
1026 2158 1195 2209 Demosthene
1212 2193 1217 2207 .
1235 2194 1242 2208 .
1261 2195 1267 2209 .
1285 2157 1355 2209 cuins

156 2224 256 2288 cisaque
271 2225 390 2276 inanitate
406 2227 473 2275 omni
490 2234 515 2276 et
532 2242 628 2276 errore:
651 2224 731 2275 Acad.
780 2239 811 2272 ex
822 2224 936 2299 epistulis
947 2222 1057 2288 intellegi
1075 2223 1134 2275 licet
1150 2239 1225 2288 quam
1242 2223 1355 2289 frequens

156 2290 181 2338 ii.
196 2292 265 2351 §138
283 2291 433 2341 circumcidit
450 2300 474 2341 et
491 2299 604 2356 amputat
620 2291 731 2340 multitu·
782 2290 853 2338 fuerrt
865 2289 977 2338 Platonis
988 2291 1104 2351 auditor),
1114 2289 1195 2339 where
1205 2290 1248 2338 Dr.
1259 2289 1355 2354 Sandys

157 2354 257 2406 dinem:
274 2355 306 2404 de
318 2357 360 2405 Or·
374 2357 390 2405 i.
404 2364 416 2416 5
427 2357 459 2420 65
472 2358 530 2406 licet
541 2357 599 2407 huic
611 2366 730 2421 quantum
781 2355 863 2404 shows
874 2355 928 2404 that
940 2355 982 2403 the
992 2354 1109 2404 tradition
1122 2371 1179 2418 may
1191 2357 1221 2405 be
1233 2355 1315 2404 traced
1328 2370 1355 2405 as

158 2420 245 2484 cuique
265 2422 387 2470 videbitur
405 2422 565 2472 circumcidat
584 2429 658 2488 atque
677 2438 730 2471 am·
781 2420 818 2468 far
830 2420 895 2469 back
911 2435 939 2469 as
955 2435 987 2468 an
1003 2435 1067 2468 anon
1085 2436 1155 2470 mons
1167 2421 1247 2470 writer
1262 2419 1355 2484 quoted

158 2493 227 2549 putet
241 2487 325 2551 (‘trim
336 2486 373 2535 off
382 2487 430 2536 and
441 2489 486 2552 lop
497 2486 610 2552 away’):
631 2489 662 2537 de
674 2488 729 2537 Fin.
781 2488 815 2549 by
832 2486 986 2549 Hermippus
1004 2484 1041 2547 (at
1060 2436 1103 2534 tbe
1121 2485 1169 2534 end
1186 2485 1214 2534 of
1230 2484 1272 2535 the
1290 2485 1355 2535 third

158 2567 181 2599 v.
195 2555 208 2609 5
221 2565 252 2614 39
264 2567 303 2600 ars
315 2552 477 2616 agricolarum
489 2569 553 2618 quae
561 2553 729 2613 circumcidat,
781 2558 880 2612 century
888 2552 968 2612 B.C.):
981 2565 1020 2599 see
1027 2550 1092 2601 Plut.
1103 2552 1176 2600 Dem.
1185 2551 1252 2611 chr,
1259 2551 1309 2599 and
1316 2565 1354 2615 cp.

159 2623 277 2680 amputet.
312 2617 363 2666 For
373 2619 415 2667 the
427 2618 511 2683 figure,
525 2619 600 2668 taken
612 2618 674 2667 from
688 2618 730 2668 the
781 2616 856 2679 Diog.
870 2617 950 2664 Laert.
965 2613 1051 2679 iii.46.
1085 2615 1119 2664 So
1131 2616 1183 2666 Cic.
1197 2617 1264 2665 Brnt.
1282 2620 1294 2674 5
1309 2628 1353 2664 121

158 2696 257 2745 process
268 2682 298 2730 of
310 2684 424 2747 pruning,
436 2699 475 2747 cp.
487 2690 628 2748 cupressus
638 2685 678 2734 18.
692 2697 731 2733 20.
781 2683 928 2732 lectitavisse
947 2681 1077 2730 Platonem
1095 2680 1210 2740 studiose,
1231 2681 1355 2731 audivisse

193 2750 253 2796 sine
270 2753 490 2808 apparatuum
507 2754 622 2809 honora,
640 2750 730 2798 ‘shorn
781 2747 856 2796 etiam
865 2745 1154 2797 Demosthenesdicitnr:
1167 2745 1270 2810 Quintil.
1279 2746 1321 2795 xii.
1332 2759 1355 2805 a,

160 2810 190 2858 of
202 2811 237 2859 all
253 2813 296 2860 her
312 2820 384 2873 state,
396 2814 431 2863 all
447 2815 491 2865 her
505 2812 667 2876 adomment’
679 2813 730 2863 like
783 2826 826 2870 ²²3
842 2826 929 2874 10,a4:
942 2809 1161 2874 Aul.Gell.iii.13.
1175 2811 1355 2862 Thetradition

158 2891 175 2926 a
186 2876 260 2926 fallen
271 2893 358 2941 queen.
781 2894 839 2941 may
850 2878 964 2927 however
975 2878 1005 2925 be
1017 2876 1161 2926 considered
1171 2875 1293 2926 doubtful.

192 2957 281 2999 paene
299 2947 435 2996 dixerim:
455 2945 493 2995 for
505 2944 555 2995 this
565 2945 665 2996 aoristic
677 2959 732 3010 per·
814 2947 852 2992 nt
864 2946 961 2993 cicero
970 2943 1008 2990 for
1016 2948 1040 2990 et
1050 2942 1128 3006 (apud
1136 2943 1193 3004 nos)
1201 2942 1355 3000 Ciceronem,

159 3005 324 3068 fect,seeD¹.
339 3011 429 3068 5281).
782 3009 824 3072 qui
846 3008 894 3068 his,
917 3015 944 3056 ut
971 3008 1066 3071 opinor,
1090 3007 1178 3066 verbis,
1203 3011 1249 3058 &a
1302 3007 1356 3057 The

193 3086 231 3122 ar.
248 3079 433 3137 mgenuitats,
446 3075 502 3126 ‘the
518 3075 688 3127 conditiones
700 3091 733 3125 an
782 3074 902 3124 reference
918 3073 940 3121 is
956 3079 983 3121 to
995 3073 1038 3122 Or.
1052 3076 1065 3132 5
1078 3085 1105 3120 12
1123 3072 1202 3122 fateor
1218 3088 1258 3122 me
1274 3081 1356 3122 orato·

159 3138 284 3201 ingenuus
301 3141 377 3202 (Anu.
394 3142 445 3190 sili.
464 3142 579 3206 27‚17):
602 3150 632 3191 tr.
651 3141 733 3190 ‘inde-
782 3155 843 3201 rem,
860 3139 881 3188 si
898 3139 974 3187 modo
992 3138 1038 3186 sim
1055 3144 1097 3186 aut
1115 3139 1190 3187 etiam
1210 3138 1357 3203 quicumque

159 3203 299 3267 pendence,'
309 3209 316 3232 ‘
326 3206 414 3255 liberal
425 3207 603 3256 associations.'
621 3208 661 3271 Cp
678 3206 732 3256 cic.

159 3268 190 3316 de
201 3269 244 3318 Or.
259 3270 275 3317 i.
289 3274 301 3329 5
314 3271 360 3334 236
377 3272 449 3322 istam
466 3273 526 3321 iuris
542 3273 667 3323 scientiam
684 3272 733 3320 elo·

159 3335 273 3396 quentiae
281 3337 559 3401 tamqnamancillulam
566 3339 734 3404 pedisequam-

160 3413 207 3462 que
218 3399 358 3451 adiunxisti.

192 3468 395 3517 sordidissimis
412 3471 548 3518 artificiis.
582 3465 733 3518 ‘Sordidus'

160 3528 181 3577 is
188 3531 306 3642 specially
312 3534 372 3610 used
380 3533 409 3582 of
413 3549 429 3582 a
436 3532 639 3610 money-making
646 3532 733 3582 handi-

160 3598 733 3736 fictitiis..iiirtibibtfli

160 3725 216 3773 Fru.
225 3728 260 3776 ui.
273 3732 318 3789 54.
340 3729 466 3778 Andresen
478 3731 539 3779 cites
551 3729 606 3778 Sen.
619 3731 666 3793 Ep.
679 3730 732 3785 108,

161 3789 192 3852 36
204 3793 247 3855 qui
260 3793 445 3857 philosophiam
458 3795 526 3844 velut
568 3797 573 3806 '
705 3793 733 3842 fi·

161 3856 469 3909 ciumvenaledidicemnt.
525 3860 693 3910 efemininefo

160 3937 214 3970 una
225 3922 307 3971 shows
318 3925 359 3973 the
366 3850 518 3999 herenaei}
528 3925 570 3975 the
579 3848 732 4045 person&3

161 3987 214 4036 tion
224 3990 253 4036 of
259 3993 266 4014 ‘
275 3989 430 4053 eloquentia‘
440 3991 464 4039 in
473 3990 516 4040 the
568 3991 679 4040 aker’sm

194 4058 482 4114 aa.primam...p
555 4056 733 4114 masat

160 4116 227 4167 Anu.
238 4119 270 4168 vi.
281 4135 306 4181 4,
318 4134 341 4183 3.
375 4120 422 4185 Cp.
433 4121 520 4184 Quint.
531 4120 558 4170 ii.
573 4135 611 4184 15,
625 4134 647 4171 1.

195 4197 232 4245 23.
249 4188 539 4236 intantum=tantnmz
553 4185 693 4236 Germxlv.
701 4198 730 4247 31

160 4247 185 4296 in
196 4255 292 4298 tantum
305 4266 320 4298 a
330 4250 444 4302 libertate
454 4252 609 4316 degenerant.
641 4252 676 4301 So
688 4251 733 4300 fre·

160 4314 262 4378 quently
273 4315 303 4363 in
314 4323 438 4380 qrsantum
451 4319 474 4366 2.
489 4329 535 4378 133
552 4319 648 4382 41.192
666 4318 732 4367 Ana.

159 4378 211 4428 xiii.
224 4394 265 4443 54,
277 4394 291 4442 5
303 4397 310 4438 ;
326 4382 360 4431 ib.
371 4382 419 4431 xiv.
427 4392 469 4446 47,
483 4395 505 4431 r.

194 4443 400 4498 ramonariae
423 4450 569 4507 proditum
590 4452 641 4499 set.
684 4446 733 4514 Cp.

782 3205 838 3264 sim,
860 3220 910 3252 non
932 3221 962 3253 ex
984 3201 1106 3252 rhetorum
1129 3203 1234 3253 officinis
1261 3205 1303 3252 sed
1326 3219 1357 3253 ex

783 3270 935 3319 Academiae
958 3269 1045 3332 spatiis
1067 3268 1192 3327 extitisse;
1222 3269 1268 3319 illa
1290 3269 1357 3318 enim

784 3343 840 3385 sunt
857 3336 978 3385 curricula
996 3332 1169 3397 multiplicium
1186 3336 1357 3399 variorumque

784 3416 924 3450 sermonum
949 3401 974 3450 in
1000 3399 1090 3464 quibus
1112 3399 1225 3450 Platonis
1248 3402 1356 3465 primum

783 3474 839 3516 sunt
851 3467 969 3531 impressa
981 3465 1093 3527 vestigia.
1126 3465 1175 3528 Cp.
1187 3466 1271 3528 Quint.
1279 3466 1321 3516 xii.
1333 3479 1356 3526 a,

786 3546 824 3594 23,
834 3532 913 3581 where
921 3531 1008 3580 scholis
1015 3530 1036 3578 is
1045 3530 1104 3580 used
1113 3530 1208 3581 instead
1217 3531 1246 3581 of
1253 3531 1357 3596 ffrr'm's

784 3597 964 3661 (‘mechauical
975 3593 1139 3660 workshops:
1156 3612 1183 3645 as
1199 3597 1267 3646 Brut.
1281 3601 1356 3657 532).

783 3663 817 3712 So
829 3663 854 3712 in
866 3662 908 3712 the
919 3663 950 3712 de
963 3663 1020 3711 Div.
1033 3660 1059 3710 ii.
1076 3664 1088 3718 5
1099 3677 1116 3725 4
1127 3661 1217 3711 Cicero
1229 3661 1319 3727 speaks
1331 3660 1359 3711 of

783 3729 822 3778 his
828 3728 959 3779 rhetorical
969 3726 1050 3776 works
1059 3741 1087 3775 as
1096 3727 1227 3791 bordering
1235 3743 1267 3776 on
1276 3727 1357 3791 philo·

783 3801 878 3858 scpby:
896 3809 934 3858 cp.
946 3793 1030 3856 Quint.
1039 3806 1063 3840 x.
1074 3804 1095 3852 1,
1104 3805 1132 3854 9¹
1148 3792 1357 3856 Philosophomm

782 3859 909 3974 qaisqqiblrlrs
918 3857 1193 3972 pluriqrtuqrsegaxisse
1202 3856 1358 3921 eloquentiae

813 3963 818 3974 .
856 3937 1079 3981 urusconreur,
1115 3939 1136 3973 c.

817 4003 854 4054 29.
872 3992 1005 4047 quoniam
1016 3989 1140 4045 quidem.
1166 3987 1228 4037 This
1239 3987 1260 4037 is
1271 3995 1315 4037 not
1326 4002 1358 4036 an

782 4055 892 4104 instance
914 4054 944 4103 ol
963 4052 1110 4115 anastrophe
1133 4052 1171 4102 for
1191 4068 1232 4115 rgo
1257 4052 1357 4118 quidem

785 4120 945 4185 (Andrcsen),
956 4118 1056 4183 quidem
1069 4117 1142 4181 being
1154 4118 1289 4184 frequently
1296 4117 1358 4167 used

782 4185 845 4235 after
866 4185 985 4250 quoniam
1009 4194 1059 4247 tcp.
1078 4183 1176 4247 quando
1198 4183 1309 4249 quidem)
1332 4181 1357 4231 in

783 4251 886 4301 Ciceros
910 4265 966 4328 eg.
986 4246 1103 4315 quoniam
1123 4248 1222 4313 quidem
1242 4285 1248 4299 .
1268 4285 1274 4299 .
1293 4285 1300 4298 .
1321 4247 1357 4299 ful

783 4316 905 4369 inimicus.
923 4315 981 4363 l’rso
1000 4313 1072 4375 463:
1099 4313 1173 4364 ltcse.
1191 4314 1276 4365 rimer.
1287 4317 1300 4373 5
1310 4325 1356 4375 ³¹²

783 4379 1017 4447 quoniamquidem
1037 4415 1043 4429 .
1061 4417 1068 4431 .
1086 4414 1093 4430 .
1109 4380 1256 4431 sententiam
1274 4379 1357 4431 dicere

784 4446 918 4510 venbstur,
931 4461 977 4513 pro
988 4444 1074 4499 Domo
1088 4441 1152 4511 569.
