3046 5032
227 385 269 453 92
512 391 514 396 ·
618 370 851 436 conarer!
871 371 1034 436 raeiri

271 544 337 610 34.
363 540 456 626 Ergo
478 542 567 624 apud
588 543 729 608 maiores
752 552 882 610 nostros
905 543 1030 608 iuvenis
1052 543 1107 608 ille
1128 543 1184 627 qui
1208 543 1279 610 foro
1299 554 1333 609 et
1355 544 1429 610 elo·

227 651 383 735 quentiae
406 655 591 737 parabatur‚
614 656 761 720 imbutus
784 656 850 721 iam
873 656 1058 721 domestica
1083 656 1265 740 disciplina,
1288 657 1428 722 refertus

225 763 374 830 honestis
396 767 513 830 studiis
534 768 764 832 deducebatur
785 790 805 833 a
827 780 923 851 patre
945 769 997 833 vel
1021 790 1042 834 a
1064 769 1258 853 propinquis
1280 770 1323 835 ad
1347 789 1429 834 eum

225 885 391 941 oratorem
423 879 480 961 qui
511 879 691 962 principem
721 880 753 943 in
784 880 917 945 civitate
947 881 1056 944 locum
1086 881 1269 945 obtinebat.
1324 881 1428 945 Hunc

196 1009 210 1058 5
227 987 353 1064 sectari,
375 987 462 1052 hunc
480 991 646 1072 prosequi,
667 989 764 1054 huius
785 991 939 1055 omnibus
959 993 1158 1056 dictionibus
1180 993 1337 1057 interesse
1357 993 1429 1055 sive

227 1099 260 1162 in
287 1099 414 1164 iudiciis
432 1100 501 1164 sive
523 1101 557 1164 in
580 1103 791 1167 contionibus
812 1104 1039 1181 adsuescebat‚
1065 1105 1112 1168 ita
1135 1114 1172 1169 ut
1194 1103 1429 1168 altercationes

226 1230 360 1293 quoque
374 1213 542 1296 exciperet
560 1224 595 1278 et
610 1215 724 1299 iurgiis
739 1215 911 1280 interesset
926 1226 1030 1297 utque
1044 1215 1090 1280 sic
1106 1216 1258 1293 dixerim,
1277 1234 1429 1297 pugnare

227 1323 261 1385 in
283 1322 410 1405 proelio
428 1325 578 1389 disceret.
624 1325 768 1407 Magnus
791 1347 835 1391 ex
859 1326 922 1391 hoc
944 1346 1032 1402 usus,
1049 1327 1190 1391 multum
1209 1327 1428 1402 constantiae,

226 1425 405 1521 plurimum
431 1440 541 1504 iudicii
567 1440 737 1504 iuvenibus
763 1440 878 1504 statim
908 1440 1131 1524 contingebat,
1158 1439 1190 1502 in
1217 1439 1326 1504 media
1352 1436 1429 1503 luce

184 1571 214 1606 10
227 1551 436 1615 studentibus
457 1561 557 1634 atque
576 1553 661 1615 inter
679 1553 752 1634 ipsa
771 1552 969 1628 discrimina,
986 1552 1041 1615 ubi
1059 1572 1158 1616 nemo
1174 1552 1309 1634 impune
1324 1550 1428 1613 stulte

225 1659 350 1743 aliquid
365 1672 423 1727 aut
438 1663 598 1727 contrarie
612 1663 701 1741 dicit,
717 1683 783 1746 quo
803 1664 910 1727 minus
933 1673 967 1728 et
988 1663 1089 1727 iudex
1106 1672 1239 1746 respuat
1253 1671 1286 1726 et
1308 1654 1433 1725 adver?

258 1809 302 1855 34.
323 1820 344 1854 2.
358 1808 503 1870 parabatur
517 1807 598 1868 codd„
612 1807 813 1872 praeparabatur
827 1807 914 1865 Ritter,
933 1807 1033 1857 Novak.
1157 1817 1179 1870 7.
1197 1807 1332 1872 exciperet.
1346 1842 1353 1855 .
1366 1841 1372 1853 .
1385 1805 1428 1853 in·

225 1876 321 1920 teresset
332 1873 437 1933 bekker,
448 1873 574 1937 excipere.
588 1910 594 1922 .
607 1909 613 1922 .
625 1874 739 1922 interesse
750 1873 823 1922 codd.
891 1875 913 1922 8.
932 1888 1038 1936 magnus
1051 1888 1112 1922 corr.
1125 1873 1152 1934 B,
1166 1888 1266 1937 magnas
1277 1872 1426 1931 ADCHV2.

258 1991 303 2037 34.
317 2002 339 2038 1.
356 1992 491 2049 imbutus,
504 1987 631 2052 ‘trained'
643 2006 681 2054 cp.
699 1989 752 2038 Cic.
765 1989 796 2038 de
849 1987 1428 2052 tionofwitnesses‚whichwasinRomanusage

226 2053 275 2103 Off.
287 2055 304 2102 i.
318 2057 330 2112 §
346 2056 391 2103 118
404 2054 541 2117 parentium
553 2056 689 2118 praeceptis
699 2055 797 2104 imbuti.
843 2054 963 2118 preceded
967 2056 998 2118 by
1005 2054 1047 2104 the
1054 2055 1120 2103 main
1128 2054 1285 2117 speechesfor
1292 2053 1334 2103 the
1341 2069 1428 2118 prose·

226 2119 281 2167 The
293 2120 342 2168 abl.
351 2120 485 2183 disciplina
494 2121 515 2168 is
523 2122 605 2170 rather
613 2120 724 2169 different
734 2120 798 2168 from
848 2120 932 2169 cution
939 2120 987 2167 and
995 2119 1095 2168 defence
1104 2120 1167 2181 (Cic.
1176 2119 1201 2167 in
1209 2119 1302 2169 Verni.
1316 2132 1338 2179 1,
1349 2124 1362 2177 ς
1372 2120 1426 2181 55).

225 2185 374 2248 eloquentia,
382 2185 432 2233 line
441 2198 469 2246 13
478 2186 571 2234 below:
583 2201 622 2250 cp.
628 2185 768 2234 anadiliane
775 2188 797 2234 2.
848 2185 873 2233 Α
884 2185 982 2233 famous
992 2185 1103 2234 instance
1111 2186 1136 2234 in
1146 2184 1187 2233 the
1196 2192 1280 2234 senate
1289 2184 1310 2233 is
1319 2185 1362 2232 the
1371 2185 1426 2232 dia·

227 2263 266 2312 14,
279 2250 328 2297 and
339 2251 464 2298 elementis
476 2252 514 2298 19.
526 2264 556 2298 1ο
564 2251 656 2312 (where
667 2265 707 2300 see
717 2249 795 2312 note).

225 2315 256 2363 In
277 2315 348 2363 order
364 2322 392 2363 to
408 2316 548 2377 emphasize
565 2315 622 2377 this,
637 2316 731 2364 Gerber
748 2315 796 2363 and

226 2380 303 2429 Greef
308 2380 365 2429 take
373 2379 649 2429 imbutushereasused
658 2379 797 2443 absolutely

228 2452 271 2508 (sc.
279 2445 331 2494 iure
340 2453 364 2494 et
371 2445 531 2509 eloquentia),
538 2447 684 2510 comparing
690 2448 754 2494 Arm.
760 2445 796 2495 iii.

226 2525 267 2573 59,
280 2524 306 2557 11
317 2511 352 2559 sie
363 2510 441 2559 imbui
453 2518 570 2560 rectorem
579 2513 675 2574 generis
687 2510 795 2572 humani,

224 2576 252 2625 id
264 2577 371 2640 primum
383 2592 396 2624 e
408 2577 516 2640 paternis
526 2576 637 2627 consiliis
648 2577 750 2626 discere.

259 2656 282 2703 3.
299 2645 498 2691 deducebatur.
544 2642 595 2690 For
621 2643 672 2691 this
700 2656 743 2690 use
770 2640 800 2689 of

224 2705 381 2770 introducing
407 2722 423 2755 a
451 2706 528 2770 youth
556 2714 583 2756 to
610 2723 626 2756 a
653 2714 745 2756 master
769 2722 797 2754 or

224 2772 352 2836 guardian,
366 2787 404 2835 cp.
416 2787 463 2836 pro
474 2773 615 2836 Cael.§9:
633 2773 664 2821 de
676 2773 760 2830 ΑΜ
775 2785 796 2820 1.

225 2837 280 2885 The
302 2845 398 2886 custom
421 2838 450 2887 of
469 2838 570 2901 secking
592 2838 633 2886 the
656 2839 751 2899 society
771 2836 800 2885 of

224 2902 405 2966 distinguished
414 2902 499 2965 jurists
509 2919 538 2951 or
549 2911 644 2952 orators
655 2904 677 2951 is
692 2902 796 2952 referred

223 2975 251 3017 to
262 2969 286 3016 in
298 2983 357 3031 very
366 2968 461 3017 similar
468 2968 591 3032 language
601 2970 633 3032 by
641 2968 779 3030 Quintilian
790 2983 796 3016 ε

223 3049 248 3082 x.
268 3047 292 3096 5,
311 3047 341 3097 19
359 3048 432 3096 quare
449 3035 544 3083 iuvenis
560 3034 601 3098 qui
619 3036 741 3082 rationem
762 3032 797 3080 in·

224 3099 338 3147 veniendi
357 3099 538 3162 eloquendique
557 3115 573 3148 a
595 3098 797 3162 praeceptoribus

224 3163 355 3226 diligenter
378 3165 499 3226 acceperit
518 3202 524 3214 .
543 3201 549 3214 .
571 3201 577 3213 .
595 3164 796 3214 exercitationem

134 3233 136 3238 '
223 3243 323 3293 quoque
341 3230 466 3279 modicam
483 3229 556 3278 fuerit
572 3239 723 3285 consecutus,
741 3244 796 3277 ora·

223 3302 303 3343 torem
320 3294 368 3342 sibi
385 3294 501 3359 aliquem,
519 3295 587 3358 quod
606 3295 673 3358 apud
692 3295 798 3342 maiores

224 3358 276 3407 fieri
284 3359 390 3418 solebat,
398 3359 502 3422 deligat,
510 3375 584 3424 quem
591 3366 713 3424 sequatur,
723 3373 797 3424 quem

223 3424 348 3472 imiteturz
361 3424 460 3473 iudiciis
467 3426 561 3473 intersit
568 3440 641 3488 quam
650 3424 764 3488 plurimis
771 3431 796 3472 et

224 3489 256 3537 sit
263 3489 404 3538 certaminis
414 3491 453 3537 cui
462 3490 598 3539 destinatur
606 3490 717 3553 frequens
726 3505 795 3553 spec·

223 3560 296 3603 tator.
320 3553 367 3617 Cp.
380 3554 422 3603 xii.
437 3568 476 3615 11,
490 3569 519 3616 5:
537 3555 591 3603 Cic.
604 3556 670 3603 Brut.
681 3557 694 3612 5
706 3554 794 3616 305-6.

256 3635 279 3681 4.
297 3621 454 3675 principem
476 3623 577 3668 locum.
620 3620 654 3668 So
674 3621 738 3667 Arm.
759 3620 795 3669 iii.

225 3694 238 3747 7
242 3699 263 3744 5,
277 3699 292 3746 4
305 3683 442 3748 principem
453 3685 479 3733 in
496 3685 595 3734 civitate
610 3685 693 3734 locum
707 3685 796 3734 studiis

224 3749 339 3799 civilibus
350 3758 490 3798 assecutus:
508 3766 547 3815 cp.
560 3750 668 3814 primum
683 3750 796 3800 obtinent

222 3815 308 3865 locum
319 3817 358 3865 88.
371 3827 410 3876 11,
422 3815 509 3864 below.

251 3894 273 3943 5.
291 3884 398 3929 sectari.
434 3880 483 3945 Cp.
498 3880 640 3929 adsectabar
653 3882 675 3930 2.
691 3891 713 3943 7.

250 3945 273 3994 6.
285 3946 398 3994 iudiciis
406 3981 411 3993 .
418 3982 424 3993 .
431 3950 626 3996 contionibus:
637 3944 666 3994 of
671 3949 677 3972 ‘
684 3943 796 3995 forensic'

221 4012 271 4125 sup
280 4015 286 4039 ‘
296 4010 470 4062 deliberative'
480 4019 594 4076 oratory:
607 4026 647 4060 see
655 4027 688 4059 on
696 4011 747 4061 line
758 4024 795 4074 15,

221 4078 252 4126 be
264 4092 309 4124 ow.

250 4145 452 4191 altercationes.
472 4141 797 4191 Thealtercatiawasadis·

222 4207 319 4256 cussion
331 4207 441 4256 between
453 4207 516 4255 rival
527 4207 643 4270 speakers
657 4207 752 4256 carried
764 4223 797 4256 on

221 4273 246 4321 in
265 4272 307 4321 the
318 4287 374 4334 way
385 4272 415 4320 of
429 4272 496 4320 short
513 4288 619 4320 answers
632 4272 681 4320 and
699 4279 795 4331 retorts,

221 4336 331 4386 whether
339 4337 364 4385 in
372 4353 387 4386 a
396 4336 571 4396 court-ollam,
582 4337 606 4385 in
616 4337 658 4386 the
666 4345 757 4398 senate,
767 4352 797 4385 or

222 4418 255 4451 on
267 4418 282 4450 a
293 4401 379 4466 public
390 4402 516 4466 platform.
544 4402 575 4450 Iu
582 4401 686 4465 judicial
697 4417 765 4452 cases
776 4403 797 4451 it

220 4467 340 4518 followed
353 4467 435 4532 (when
447 4467 556 4518 resorted
569 4469 607 4532 to)
619 4467 662 4518 the
672 4467 796 4518 ammina-

849 2249 924 2314 logne
933 2251 1041 2300 between
1050 2250 1193 2299 Ciceroand
1202 2249 1308 2299 Clodius
1317 2249 1360 2312 (ad
1368 2250 1424 2299 Art.

849 2315 864 2363 i.
877 2314 914 2372 16,
928 2315 953 2378 8)
965 2331 970 2364 :
983 2330 1022 2380 cp.
1030 2316 1097 2363 Brut.
1108 2322 1121 2375 ς
1132 2329 1177 2379 159
1186 2315 1237 2363 iam
1246 2316 1271 2362 in
1280 2314 1426 2363 altercando

849 2380 975 2442 (Crassus)
983 2381 1076 2430 invenit
1085 2396 1170 2444 parem
1179 2381 1309 2430 neminem.
1324 2380 1379 2429 The
1386 2381 1426 2428 al·

849 2445 951 2494 terratia
958 2446 1034 2505 (actio
1046 2447 1126 2495 brevis
1137 2454 1211 2509 atque
1219 2449 1324 2502 concisa,
1336 2445 1424 2507 Quint.

848 2511 880 2559 vi.
891 2527 915 2572 4,
927 2512 952 2566 1)
965 2511 986 2559 is
997 2511 1089 2573 always
1101 2509 1213 2576 opposed
1225 2518 1251 2560 to
1260 2517 1383 2574 perpetua
1395 2525 1425 2560 or

848 2577 967 2624 continua
974 2576 1054 2625 aratio
1063 2577 1127 2639 (Liv.
1138 2575 1201 2634 iv.6,
1211 2588 1235 2626 1:
1248 2576 1307 2624 Tac.
1315 2576 1383 2624 Hist.
1388 2577 1424 2626 iv.

849 2651 871 2703 7,
885 2641 919 2702 1),
932 2640 979 2689 and
992 2640 1011 2689 it
1024 2642 1134 2705 required
1147 2642 1190 2692 the
1204 2648 1297 2690 utmost
1313 2641 1374 2689 skill
1388 2656 1422 2690 on

848 2706 890 2755 the
907 2715 961 2769 part
977 2706 1006 2754 of
1018 2707 1060 2755 the
1073 2707 1225 2770 disputante:
1244 2708 1379 2770 asperrima
1395 2707 1423 2754 in

847 2769 895 2820 hac
907 2781 976 2835 parte
992 2771 1121 2821 dimicatio
1137 2779 1175 2821 est
1191 2787 1236 2821 nec
1253 2771 1314 2820 alibi
1331 2771 1423 2820 dixeris

848 2837 928 2899 magis
940 2852 1055 2885 mucrone
1066 2837 1178 2902 pugnari,
1191 2837 1276 2898 Quint.
1290 2837 1322 2884 vi.
1334 2852 1358 2898 4,
1370 2852 1395 2898 4.

882 2913 903 2965 7.
922 2907 1011 2958 utque
1031 2905 1072 2952 sic
1089 2906 1217 2960 dixerim,
1236 2902 1274 2951 for
1289 2902 1331 2950 the
1351 2917 1422 2951 more

847 2966 962 3015 classical
972 2971 1013 3016 ‘ut
1022 2967 1057 3016 ita
1065 2968 1147 3016 dicam
1156 2965 1177 3016 :’
1189 2983 1217 3016 so
1227 2969 1266 3016 40.
1277 2968 1320 3017 18:
1333 2965 1420 3017 Germ.

847 3032 874 3081 ii.
903 3047 935 3094 4:
968 3032 1034 3080 Anu.
1062 3033 1111 3080 xiv.
1139 3046 1179 3094 53,
1207 3030 1244 3095 14,
1270 3032 1352 3081 where
1380 3047 1421 3082 see

848 3097 996 3146 Furneaux's
1013 3104 1078 3147 note.
1113 3098 1160 3162 Cp.
1174 3098 1258 3160 Quint.
1272 3114 1294 3147 rc
1310 3111 1332 3158 1,
1347 3110 1385 3159 15.

881 3165 903 3211 8.
921 3161 1423 3227 constantiae,‘aelf-possessiom'readi·

846 3244 910 3276 ness.

874 3309 897 3357 9.
911 3289 1420 3358 iudicii,of‘soundjudgment’:cp.19.6.

880 3363 911 3406 in
933 3362 1026 3407 media
1047 3362 1119 3408 luce.
1163 3358 1197 3408 Sc
1219 3359 1325 3408 ‘forensi
1348 3357 1421 3418 luce‚’

847 3424 900 3473 Cic.
913 3424 982 3472 Brut.
995 3427 1007 3482 ξ
1022 3437 1068 3485 32:
1086 3424 1112 3471 in
1129 3424 1176 3473 hac
1193 3424 1240 3472 fori
1257 3424 1319 3484 luce,
1332 3424 1418 3486 Quint.

847 3489 888 3538 xii.
902 3502 923 3548 2,
936 3491 965 3537 8:
984 3495 1025 3538 the
1035 3489 1149 3552 opposite
1158 3490 1179 3537 is
1190 3490 1285 3538 ‘studia
1296 3490 1321 3537 in
1332 3491 1421 3538 umbra

846 3552 968 3612 educata,'
986 3555 1050 3602 Anu.
1067 3554 1117 3604 xiv.
1136 3569 1174 3616 53,
1194 3567 1232 3615 14.
1267 3555 1313 3618 Cp.
1334 3554 1419 3616 Quint.

846 3619 862 3668 i.
875 3634 897 3679 2,
912 3620 941 3666 18
957 3628 1040 3668 orator
1056 3619 1095 3668 cui
1112 3619 1136 3667 in
1154 3619 1262 3668 maxima
1279 3619 1421 3668 celebritate

847 3684 913 3733 etin
931 3684 1014 3733 media
1031 3684 1066 3733 rei
1084 3685 1200 3749 publicae
1216 3684 1272 3733 luce
1286 3685 1419 3733 vivendum

847 3757 897 3800 est:
916 3749 964 3798 and
976 3750 1014 3798 for
1026 3750 1066 3798 the
1075 3750 1185 3812 frequent
1193 3758 1301 3799 contrast
1309 3751 1418 3798 between

846 3815 888 3865 the
906 3815 983 3877 shady
1000 3821 1088 3864 retreat
1107 3814 1136 3862 of
1148 3816 1190 3864 the
1207 3815 1294 3864 school
1311 3815 1359 3864 and
1377 3815 1419 3864 the

847 3879 1417 4009 resiarauranum{a

955 3983 960 3993 ·
984 3981 989 3991 ·
1085 3981 1090 3992 ·
1147 3981 1153 3994 ·
1235 3983 1240 3994 ·
1339 3982 1344 3994 ·
1376 3983 1381 3993 ·
1411 3981 1417 4005 r

850 4023 887 4073 17,
899 4011 978 4059 where
990 4026 1030 4059 see
1042 4018 1114 4060 note:
1132 4011 1165 4059 ib.
1178 4011 1221 4059 xii.
1234 4009 1258 4070 6,
1271 4028 1294 4076 4.

883 4089 921 4124 ro.
940 4079 1017 4124 inter
1028 4079 1089 4132 ipsa
1100 4079 1271 4124 discrimina.
1306 4076 1352 4140 Cp.
1363 4076 1418 4125 Cic.

848 4140 879 4189 de
901 4141 978 4204 Legg.
998 4141 1033 4190 iii.
1055 4140 1078 4199 6,
1097 4155 1127 4203 14
1152 4141 1285 4190 Phalereus
1306 4141 1349 4190 ille
1369 4142 1420 4190 De·

848 4208 972 4255 memus.
995 4243 1000 4254 .
1020 4242 1027 4255 .
1046 4205 1192 4255 mirabiliter
1222 4206 1360 4256 doctrinam
1389 4221 1420 4254 ex

846 4271 996 4320 umbraculis
1007 4271 1158 4320 eruditorum
1170 4271 1273 4336 otioque
1283 4287 1332 4320 non
1342 4271 1419 4320 mcdo

846 4336 962 4385 insulem
973 4344 1048 4400 atque
1058 4335 1084 4384 in
1099 4337 1233 4400 pulverem,
1244 4337 1288 4386 sed
1299 4337 1324 4385 in
1336 4337 1419 4400 ipsum

846 4402 977 4452 discrimen
988 4402 1115 4465 aciemque
1127 4402 1251 4466 produxit.

882 4479 921 4518 11.
940 4470 1081 4518 contrarie
1093 4470 1171 4528 dicit,
1184 4467 1202 4518 i.
1211 4483 1233 4519 e.
1250 4466 1350 4518 sibimet
1365 4466 1420 4533 ipse
