3046 5032
397 374 724 446 ominamur
746 375 1049 443 onrronraua
1281 377 1325 464 83

122 542 301 609 dicendum
324 546 469 609 materia
517 546 605 610 Nam
632 547 665 611 in
691 547 821 612 iudiciis
848 547 916 613 sere
940 547 984 613 de
1010 549 1187 629 aequitate,
1209 549 1242 613 in
1265 551 1323 615 de*c

122 656 370 722 liberationibus
391 657 431 722 de
451 658 603 736 utilitate,
624 661 660 724 in
681 658 923 725 laudationibus
943 659 986 724 de
1000 659 1174 725 honestate
1189 661 1321 725 disseri-

124 789 206 847 mus,
222 770 268 834 ita
284 780 391 834 tamen
407 778 444 834 ut
459 770 654 855 plerumque
671 770 753 837 haec
773 773 844 854 ipsa
865 771 897 835 in
911 772 1019 837 vicem
1041 772 1256 838 misceantur:
1280 774 1323 838 de

123 882 241 964 quibus
267 882 401 964 copiose
422 891 456 946 et
479 883 568 947 varie
591 892 625 948 et
649 892 763 948 ornate
788 904 886 948 nemo
910 883 1019 948 dicere
1045 893 1157 967 potest
1178 885 1240 949 nisi
1263 885 1321 968 qui
1338 905 1368 942 10

124 994 279 1075 cognovit
309 1004 460 1059 naturam
494 994 674 1061 humanam
704 1003 737 1059 et
766 995 834 1059 vim
863 996 1023 1060 virtutum
1058 997 1324 1080 pravitatemque

122 1106 278 1171 vitiorum
295 1115 328 1171 et
343 1106 439 1172 habet
452 1106 656 1174 intellectum
672 1128 785 1173 eorum
801 1129 885 1190 quae
900 1128 960 1174 nec
975 1108 1007 1172 in
1023 1109 1199 1173 virtutibus
1214 1131 1273 1174 nec
1289 1111 1324 1175 in

122 1217 209 1282 vitiis
225 1229 447 1316 numerantur.
492 1220 549 1284 Ex
560 1219 611 1283 his
623 1220 878 1284 fontibusetiam
892 1219 947 1283 illa
959 1219 1138 1303 profluunt,
1149 1230 1186 1285 ut
1196 1221 1323 1287 facilius

123 1328 206 1392 iram
222 1330 336 1395 iudicis
352 1331 404 1395 vel
421 1332 557 1415 instiget
571 1332 624 1396 vel
642 1331 741 1397 leniat
760 1331 816 1414 qui
832 1332 895 1396 scit
910 1333 989 1415 quid
1008 1332 1066 1408 ira,
1081 1342 1116 1397 et
1136 1333 1323 1415 promptius

124 1443 167 1506 ad
187 1443 429 1507 miserationem
446 1444 595 1526 impellat
610 1444 667 1526 qui
682 1445 745 1508 scit
761 1444 842 1527 quid
858 1445 901 1508 sit
917 1446 1139 1510 misericordia
1155 1455 1189 1510 et
1204 1446 1323 1528 quibus
1342 1467 1371 1522 1'5

124 1554 224 1618 animi
252 1556 396 1619 motibus
422 1556 614 1621 concitetur.
668 1556 708 1619 In
735 1555 787 1619 his
813 1555 939 1621 artibus
965 1558 1323 1641 exercitationibusque

123 1678 274 1732 versatus
297 1677 417 1746 orator,
432 1668 501 1731 sive
519 1669 609 1752 apud
632 1668 768 1733 infestos
788 1669 857 1732 sive
876 1671 966 1752 apud
986 1669 1123 1753 cupidos
1141 1671 1210 1734 sive
1232 1670 1322 1752 apud

158 1813 181 1860 8.
198 1811 227 1861 de
239 1812 358 1871 utilitate,
373 1812 403 1860 r'n
415 1811 601 1861 laudationibus
611 1811 668 1861 add.
680 1812 808 1862 Ursinus.⁴
882 1826 905 1877 9.
922 1819 1007 1862 tantm
1023 1813 1080 1862 add.
1096 1813 1233 1864 Acidalius.
1266 1813 1324 1862 haec

123 1877 179 1942 ipsa
187 1877 354 1939 EV2CADH,
365 1877 424 1926 haec
435 1878 488 1926 AB.
600 1891 638 1926 12.
655 1877 726 1927 habet
737 1877 793 1927 add.
806 1877 921 1941 Schopen
935 1879 1007 1941 (aiter
1019 1878 1190 1938 intellectum),
1205 1878 1283 1928 Halm
1296 1894 1324 1928 as

124 1944 211 1992 above.
245 1958 289 1991 nec
305 1979 311 1992 .
330 1980 337 1993 .
355 1978 361 1990 .
376 1958 419 1991 nec
430 1943 484 2002 AB,
497 1959 592 2008 neque.
610 1979 617 1992 .
636 1982 642 1992 .
662 1958 758 2007 Juque
771 1943 860 2006 CEV2,
877 1958 939 1993 mc.
957 1980 963 1992 .
981 1980 987 1992 .
1006 1959 1103 2008 ,neque
1115 1944 1185 2008 HSp.
1199 1943 1259 2008 (this
1276 1944 1325 1993 last

124 2008 367 2072 mayberight3cp.
380 2010 418 2057 29.
433 2007 509 2056 6and
521 2009 552 2058 G.
562 2009 612 2057 and
624 2007 656 2056 G.
665 2023 689 2071 p.
702 2008 770 2072 9²²)·
810 2009 839 2056 in
850 2007 944 2070 (before
955 2009 1037 2073 vitiz's)
1050 2024 1099 2057 om.
1112 2009 1139 2058 B.
1226 2023 1264 2073 14.
1282 2010 1324 2058 ira

124 2081 148 2124 et
160 2074 187 2123 F.
200 2074 288 2136 Jacob,
300 2074 355 2122 irae
365 2072 437 2122 codd.
539 2087 576 2136 15.
593 2073 904 2134 adEv„CA,etABDH.
983 2084 1021 2139 17.
1038 2074 1238 2125 versaturcodd.

159 2197 181 2251 7.
199 2192 315 2238 iudiciis
326 2224 333 2238 .
346 2225 352 2239 .
366 2224 372 2236 .
384 2190 655 2240 deliberationibus.
670 2225 696 2239 ..
748 2205 788 2253 cp.
803 2188 888 2251 Quint.
904 2189 940 2240 iii.
956 2204 980 2252 4,
998 2188 1028 2239 16
1046 2196 1112 2239 stant
1129 2189 1197 2239 enim
1215 2189 1324 2253 quodam

124 2257 344 2304 laudationibus.
370 2253 425 2303 The
437 2254 557 2304 reference
569 2255 590 2302 is
601 2255 658 2304 here
670 2261 697 2304 to
749 2254 825 2302 modo
846 2256 937 2303 mutuis
956 2256 1056 2304 auxiliis
1078 2257 1170 2304 omnia.
1211 2256 1278 2304 Nam
1297 2256 1323 2304 in

123 2321 166 2370 the
176 2320 245 2370 three
252 2334 345 2382 gerzcra
356 2334 504 2368 causarum:
523 2320 561 2383 (1)
570 2320 612 2369 the
620 2335 698 2383 genus
748 2320 822 2368 laude
842 2318 937 2369 iustitia
957 2320 1101 2385 utilitasque
1118 2327 1235 2370 tractatur
1253 2328 1278 2370 et
1297 2322 1323 2370 in

124 2385 241 2435 iudiciale
247 2383 442 2446 (brauvradw)‚(a)
450 2386 490 2433 the
494 2385 697 2448 genusdelibera·
749 2383 859 2436 consiliis
874 2386 999 2442 honestas,
1015 2393 1039 2435 et
1055 2402 1111 2435 raro
1127 2386 1270 2435 iudicialem
1287 2386 1324 2434 in·

125 2452 202 2500 tivum
225 2451 276 2499 sive
299 2449 436 2498 suasorium
457 2449 697 2513 (nundentonam),
748 2450 843 2501 veneris
854 2465 953 2500 causam
964 2451 990 2499 in
1002 2452 1070 2501 cuius
1081 2459 1151 2515 parte
1162 2468 1212 2501 non
1227 2450 1324 2516 aliquid

124 2517 174 2565 and
192 2516 229 2580 (3)
247 2516 289 2565 the
306 2530 382 2579 genus
399 2513 619 2566 demonstrativum
639 2516 698 2576 (ina-
749 2530 835 2566 eorum
846 2530 909 2578 quae
920 2533 994 2580 supra
1005 2517 1112 2565 diximus
1122 2517 1265 2580 reperiatur.

126 2579 255 2640 bamaria)
267 2597 297 2629 or
305 2580 460 2629 laudativum
475 2580 698 2644 (ἐγκωμαστικόν).
784 2596 822 2631 10.
840 2585 897 2630 nisi
914 2585 964 2639 qui
982 2586 1124 2639 cognovit.
1157 2582 1211 2630 Cic.
1228 2581 1260 2630 de
1278 2580 1323 2632 Or.

125 2646 171 2696 See
188 2647 268 2711 Cope,
285 2647 360 2696 Arist.
377 2644 450 2695 Rhet.
467 2646 697 2708 Introd.118-1a3,
749 2648 767 2696 i.
786 2652 798 2706 5
818 2657 849 2705 53
866 2647 937 2710 Quae
954 2647 1000 2695 nisi
1018 2648 1061 2711 qui
1079 2653 1177 2695 naturas
1193 2647 1324 2695 hominum

125 2713 174 2761 and
190 2712 232 2761 the
249 2720 319 2761 notes
335 2716 454 2773 on13.§
475 2726 506 2761 1:
525 2712 578 2761 Cic.
595 2712 626 2761 de
643 2713 696 2761 Inv.

124 2778 142 2826 i.
157 2783 186 2837 §5
200 2788 223 2840 7,
237 2778 321 2837 8,12;
339 2779 365 2826 ii.
379 2779 460 2837 5512,
479 2792 524 2839 13:
545 2778 615 2827 Orat.
632 2778 697 2828 Part.

127 2847 157 2903 §5
172 2857 259 2904 10-14‚
272 2842 387 2906 69-138:
406 2844 437 2892 de
448 2843 518 2892 Orat.
532 2857 554 2891 1.
568 2846 581 2901 ξ
597 2857 650 2905 141.
673 2843 698 2892 A

125 2908 306 2959 consideration
318 2909 348 2957 of
355 2911 424 2959 these
433 2924 548 2972 passages
558 2911 596 2969 (as
603 2908 699 2958 wellas

125 2991 141 3025 a
151 2974 273 3023 reference
283 2982 310 3022 to
322 2975 364 3024 the
374 2974 456 3024 words
468 2973 499 3022 de
508 2974 579 3023 bouis
588 2989 617 3022 ac
625 2974 698 3023 malis

125 3040 190 3089 —de
201 3039 306 3088 honesto
317 3047 341 3089 et
353 3039 483 3104 turpi—de
490 3041 556 3089 iusto
563 3045 588 3088 et
594 3039 696 3094 iniusto)

125 3105 178 3155 will
200 3104 271 3153 show
292 3104 335 3154 the
356 3104 474 3167 necessity
497 3105 526 3153 of
547 3120 617 3154 some
638 3104 698 3154 such

125 3171 239 3220 addition
262 3179 289 3221 to
310 3170 352 3220 the
374 3177 427 3220 text
445 3186 473 3218 as
494 3170 549 3219 that
571 3168 643 3219 made
665 3170 698 3234 by

126 3236 243 3286 Ursinus:
257 3236 439 3299 cp.‘especially
446 3236 499 3284 Cic.
507 3235 538 3283 de
545 3236 599 3284 Inv.
607 3235 633 3283 ii.
644 3239 656 3292 ξ
668 3249 697 3296 13

125 3302 156 3352 In
178 3302 275 3350 iudiciis
297 3301 356 3365 quid
378 3316 483 3365 aequum
509 3301 542 3349 sit
565 3300 696 3364 quaeritur,

126 3368 152 3416 in
169 3367 419 3416 demonstrationibus
436 3366 496 3429 quid
516 3365 653 3423 honestum,
672 3365 698 3413 in

126 3432 352 3492 deliberationibus,
367 3440 394 3480 ut
411 3447 457 3479 nos
473 3430 625 3488 arbitramur,
638 3430 698 3494 quid

126 3497 258 3546 honestum
269 3497 302 3546 sit
313 3504 338 3547 et
351 3497 411 3562 quid
425 3495 493 3545 utile.
529 3495 577 3544 But
595 3495 700 3582 looking

125 3570 153 3613 to
162 3563 203 3612 the
213 3568 263 3610 two
272 3563 344 3610 main
352 3562 472 3610 divisions
479 3561 507 3609 of
511 3560 684 3609 ‘deliberative

126 3625 697 3691 and‘forensia’eloquenee(iudicia‚deliiera·

126 3694 212 3751 tiones,
225 3693 277 3742 Cic.
291 3693 321 3741 de
333 3693 375 3742 Or.
388 3693 404 3740 i.
418 3696 430 3751 5
446 3704 500 3751 141,
516 3706 554 3754 cp.
569 3706 601 3739 on
613 3693 654 3740 34.
668 3703 697 3753 15

125 3757 218 3818 below)
230 3757 250 3806 it
261 3774 319 3821 may
330 3758 362 3807 be
376 3755 520 3822 questioned
531 3755 641 3805 whether
656 3756 699 3805 the

126 3822 248 3872 amended
260 3829 312 3872 text
321 3821 398 3887 ought
407 3830 451 3872 not
461 3828 487 3870 to
495 3837 540 3871 run
551 3821 590 3869 ‘in
601 3821 699 3871 iudiciis

127 3889 175 3938 fere
192 3887 223 3937 de
239 3889 368 3951 aequitate,
389 3888 414 3935 in
434 3886 652 3936 deliberationibus
667 3887 699 3936 de

126 3954 234 4004 utilitate
245 3959 269 4001 et
280 3953 311 4002 de
323 3952 450 4002 honestate
461 3950 631 4001 disserimus’:
649 3951 699 4000 this

125 4018 209 4067 would
228 4019 314 4067 render
335 4018 384 4068 less
406 4033 534 4080 necessary
556 4017 598 4066 the
614 4022 699 4065 tamn

126 4084 243 4148 supplied
259 4083 469 4147 immemediately
479 4082 569 4142 below,
583 4081 663 4132 which
677 4083 700 4132 is

126 4148 203 4197 found
215 4149 239 4196 in
251 4165 283 4197 no
296 4148 350 4198 MS.

159 4229 184 4277 9.
201 4217 348 4262 itatamen
358 4218 400 4262 ut.
433 4211 519 4262 8016.
533 4226 578 4272 πη
596 4214 635 4264 88.
648 4222 670 4277 7.

159 4283 339 4337 plerumque:
359 4295 399 4328 see
411 4294 443 4327 on
456 4279 478 4328 6.
492 4279 515 4329 8.

161 4348 193 4393 in
220 4347 312 4393 vinam
339 4347 518 4392 misceantur.
563 4342 611 4406 Cp.
637 4342 699 4405 Agr.

129 4410 229 4459 xxxviii.
246 4422 260 4470 5
279 4409 428 4458 Britanni..
443 4409 563 4458 ,miscere
578 4407 604 4456 in
621 4409 699 4456 vicem

128 4475 249 4525 consilia.
263 4473 358 4525 ..dein
373 4488 493 4539 separare.
527 4473 578 4522 For
593 4471 635 4523 the
650 4472 702 4522 fact

749 2714 848 2776 vimque
873 2727 972 2761 omnem
999 2711 1161 2761 humanitatis
1189 2726 1324 2775 causasque

749 2778 909 2894 {iniit
921 2782 1324 2907 ..itliizzimiiniliii

749 2910 817 2973 quod
838 2909 905 2958 volet
925 2907 1041 2971 perficere
1062 2923 1112 2956 non
1134 2907 1232 2970 poterit.
1273 2907 1324 2955 For

750 2975 804 3023 nisi
813 2975 861 3038 qui
871 2989 909 3036 cp.
922 2974 962 3025 37.
975 2985 1021 3021 aa:
1039 2972 1124 3036 Quint.
1136 2988 1160 3022 x.
1175 2985 1197 3033 7,
1211 2985 1248 3019 12.

785 3053 822 3088 12.
840 3043 927 3087 habet
938 3041 1123 3086 intellectum.
1152 3037 1207 3086 Sen.
1220 3037 1251 3085 de
1262 3037 1322 3086 Ben.

749 3105 784 3154 iii.
793 3114 851 3167 17,a
864 3103 1016 3153 intellectum
1024 3103 1134 3167 optimae
1142 3103 1175 3151 rei
1183 3139 1190 3151 .
1199 3138 1205 3152 .
1214 3103 1322 3152 ,amisitr

750 3186 788 3234 cp.
801 3185 834 3218 on
849 3183 886 3232 19,
899 3167 915 3217 6
926 3169 1014 3216 above.
1049 3168 1194 3218 Helmreich
1205 3168 1265 3216 cites
1280 3166 1323 3216 the

750 3233 1196 3298 Ciceronianphrase‘intelligentiam
1207 3231 1322 3284 habere':

750 3316 789 3364 cp.
801 3300 855 3349 also
868 3301 934 3348 Anu.
951 3298 983 3348 vi.
1000 3297 1038 3360 36,
1054 3312 1083 3359 13
1097 3301 1154 3363 quis
1167 3314 1247 3363 neque
1263 3298 1322 3347 boni

749 3365 890 3415 intellectus
906 3379 984 3427 neque
1001 3364 1060 3413 mali
1081 3364 1324 3427 cura—Following

749 3431 825 3495 John,
847 3429 905 3480 who
928 3429 998 3478 takes
1023 3429 1174 3478 intellectum
1202 3429 1321 3489 as=vim‚

750 3497 877 3544 Andresen
902 3511 960 3544 now
982 3495 1057 3543 omits
1084 3493 1162 3554 babet,
1186 3495 1236 3543 and
1254 3493 1323 3557 joins

750 3562 901 3610 intellectum
918 3560 980 3609 with
996 3560 1114 3623 cognonit,
1129 3559 1275 3623 comparing
1290 3559 1327 3607 ad

749 3633 883 3690 respectum
895 3625 944 3674 and
955 3624 1048 3688 referas
1061 3629 1098 3675 16.
1110 3624 1147 3675 26.
1183 3626 1231 3673 But
1242 3625 1291 3674 this
1302 3624 1324 3674 is

749 3691 820 3746 hard,
832 3691 880 3739 and
891 3691 934 3739 the
946 3690 1120 3753 compendium
1132 3693 1170 3740 for
1180 3690 1253 3739 habet
1264 3705 1323 3754 may

749 3756 828 3820 easily
838 3755 902 3804 have
912 3755 1025 3820 dropped
1038 3762 1087 3805 out.

784 3834 822 3882 13.
839 3825 925 3870 etiam
931 3824 989 3881 illa,
998 3820 1138 3871 i.e.aswell
1146 3837 1173 3869 as
1181 3820 1223 3869 the
1231 3817 1323 3882 faculty

750 3886 780 3936 of
787 3886 907 3950 speaking
918 3887 1036 3948 ‘copiose
1047 3893 1072 3934 et
1083 3886 1149 3934 varie
1160 3893 1185 3933 et
1197 3882 1300 3934 omate.'

782 3954 902 4001 facilius.
953 3951 1000 4014 Cp.
1028 3966 1061 3998 on
1088 3951 1130 3999 the
1158 3949 1230 3998 other
1256 3948 1324 3998 haud

749 4016 873 4065 Antonius
885 4017 989 4079 arguing
999 4015 1095 4078 against
1104 4016 1207 4064 Crassus
1217 4016 1272 4063 that
1281 4013 1323 4062 the

750 4083 823 4144 study
838 4080 867 4130 os
880 4079 1032 4144 philosophy
1043 4080 1065 4128 is
1079 4087 1124 4129 not
1139 4079 1323 4143 indispensable

750 4148 789 4196 for
799 4147 841 4196 the
853 4152 954 4194 orator:
972 4146 1002 4194 de
1014 4145 1058 4193 Or.
1069 4146 1086 4193 i.
1101 4150 1113 4202 ς
1128 4158 1182 4193 220.

785 4220 822 4273 17.
840 4214 967 4270 cupidos,
997 4207 1124 4266 ‘blassed’
1154 4205 1323 4273 ‘prejudiced'

749 4272 1323 4391 unusaturabaturaa

750 4423 782 4455 an
804 4406 922 4455 audienee
943 4356 985 4454 the
1007 4377 1089 4455 oritor
1110 4356 1196 4454 rieule
1218 4405 1249 4454 be
1274 4403 1324 4455 less

750 4472 892 4537 dependent
903 4485 936 4519 on
947 4470 990 4522 the
1000 4470 1066 4520 rules
1078 4469 1106 4518 oi
1115 4469 1155 4519 his
1166 4475 1213 4522 art.

698 4575 759 4630 Ga
