3046 5032
144 530 176 580 ¹5

144 1084 177 1119 10

165 4073 186 4182 l

190 347 234 406 24
581 323 812 389 CORNELII
840 323 893 385 ,ΤΑ
901 323 1000 387 CITI

190 499 312 565 heroici
335 497 487 564 carminis
509 519 637 575 sonum,
659 497 717 560 sed
738 495 916 579 lyricorum
938 515 1069 579 quoque
1092 495 1329 560 iucunditatem
1352 501 1386 556 et

189 611 357 693 elegorum
373 610 523 675 lascivias
538 619 572 674 et
588 608 772 673 iamborum
788 608 1043 673 amaritudinem
1060 617 1094 671 et
1109 609 1386 691 epigrammatum

191 722 280 786 lusus
307 733 342 788 et
367 741 610 806 quamcumque
635 720 732 784 aliam
759 720 902 803 speciem
929 718 1116 802 eloquentia
1142 720 1265 784 habeat
1294 729 1386 783 ante·

189 836 378 917 ponendam
408 836 525 899 ceteris
553 833 706 898 altiorum
736 833 856 895 artium
886 833 1004 896 studiis
1033 834 1140 897 credo.
1187 830 1253 896 Sed
1276 841 1386 896 tecum

191 947 279 1025 mihi,
295 947 456 1022 Materne,
472 967 523 1009 res
543 954 602 1022 est,
618 945 717 1026 quod,
733 964 808 1008 cum
831 953 949 1007 natura
970 952 999 1007 te
1019 951 1077 1006 tua
1096 944 1129 1006 in
1151 944 1257 1026 ipsam
1278 963 1387 1008 arcem

191 1058 397 1141 eloquentiae
412 1058 503 1133 serat,
518 1078 626 1121 errare
643 1057 747 1120 mavis
762 1066 796 1120 et
811 1075 942 1120 summa
957 1055 1136 1138 adepturus
1157 1057 1191 1118 in
1211 1055 1388 1119 levioribus

191 1170 349 1234 subsistis.
384 1171 434 1234 Ut
450 1171 477 1234 si
494 1171 527 1234 in
544 1169 683 1234 Graecia
699 1177 795 1231 natus
810 1187 908 1245 esses,
919 1167 975 1231 ubi
994 1167 1137 1250 ludicras
1153 1188 1285 1250 quoque
1300 1177 1388 1231 artes

191 1303 344 1347 exercere
360 1282 537 1347 honestum
554 1292 613 1356 est,
630 1300 670 1344 ac
684 1280 745 1344 tibi
762 1280 942 1344 Nicostrati
958 1280 1059 1343 robur
1073 1300 1111 1344 ac
1129 1280 1214 1343 vires
1229 1280 1263 1342 di
1279 1279 1388 1343 dedis·

140 1430 143 1439 .
189 1402 271 1471 sent,
297 1413 365 1456 non
390 1404 519 1476 paterer
545 1393 705 1456 immanes
729 1391 811 1454 istos
837 1399 871 1455 et
891 1393 934 1455 ad
961 1411 1108 1474 pugnam
1131 1400 1226 1454 natos
1247 1391 1388 1456 lacertos

189 1505 324 1570 levitate
339 1505 436 1569 iaculi
451 1515 508 1570 aut
524 1505 612 1569 iactu
624 1503 706 1568 disci
723 1522 907 1580 vanescere,
924 1504 971 1566 sic
990 1523 1076 1568 nunc
1096 1512 1130 1567 te
1150 1504 1193 1567 ab
1213 1503 1388 1569 auditoriis

225 1640 263 1691 16.
282 1641 414 1705 elegiarum
426 1642 479 1690 ΑΒ.
513 1647 537 1689 et
548 1639 604 1688 add.
619 1638 756 1689 Acidalius.
810 1646 846 1700 17.
864 1637 953 1687 habeat
967 1639 1050 1696 codd,
1062 1639 1134 1688 habet
1144 1640 1283 1700 Heumann,
1298 1639 1387 1700 Halm,

190 1707 291 1757 Miiller.
335 1709 370 1756 18.
382 1707 503 1755 altionem
519 1705 657 1761 Andresen,
666 1704 781 1753 aliarum
793 1703 865 1753 codd.
875 1703 924 1751 and
932 1703 1008 1767 John.
1028 1705 1076 1767 Qy.
1083 1704 1250 1754 alienarum?
1266 1721 1305 1769 cp.
1314 1708 1337 1754 2.
1350 1716 1389 1769 17.

192 1787 230 1835 19.
247 1778 271 1820 te
285 1770 343 1821 add.
357 1773 443 1821 Halm.
486 1786 567 1819 arcem
585 1770 678 1829 Ev,H,
694 1775 774 1818 artem
786 1768 914 1818 ABCAD.
1042 1783 1080 1818 20.
1096 1770 1233 1833 adepturus
1249 1771 1388 1826 Acidalius‚

187 1838 292 1902 adeptus
301 1837 374 1887 codd.
389 1839 439 1901 (cp.
451 1835 592 1900 ingressuri
602 1837 643 1885 33.
656 1836 691 1897 8).
762 1848 775 1882 2
780 1848 802 1896 3.
819 1833 877 1883 istos
889 1834 970 1896 ABD,
982 1834 1038 1883 illos
1048 1834 1165 1898 EV2CH.
1240 1850 1278 1899 24
1298 1836 1388 1900 [ratu]

190 1903 327 1952 Andreseu.

225 2014 263 2062 15.
280 2016 389 2061 sonum,
413 2000 497 2064 ‘loity
518 1999 605 2049 tones.’
639 1999 687 2063 Cp.
711 1998 763 2048 Cic.
815 1997 979 2047 Iambus
1004 1998 1073 2047 cuius
1094 1998 1213 2048 acerbitas
1230 2001 1255 2047 in
1275 2000 1387 2061 Catullo,

190 2068 222 2116 de
233 2068 276 2117 Or.
289 2067 314 2115 ii.
328 2072 341 2125 5
355 2078 387 2128 54
398 2065 495 2114 addidit
511 2065 631 2113 historice
645 2065 764 2113 maiorem
816 2063 944 2122 Bibaculo,
958 2063 1067 2113 Horatio
1080 2101 1085 2112 .
1098 2102 1104 2113 .
1117 2100 1123 2112 .
1135 2065 1276 2128 reperietur.

190 2147 279 2181 sonum
295 2132 381 2181 vocis:
406 2130 525 2193 Quinti.
544 2132 567 2189 8,
587 2144 600 2192 5
620 2130 718 2178 interim
740 2135 766 2178 et
850 2137 887 2191 17.
904 2132 1015 2178 habeat.
1050 2129 1159 2193 Though
1176 2131 1227 2178 this
1245 2146 1287 2179 use
1304 2130 1333 2179 oi
1345 2131 1389 2180 the

190 2197 343 2246 sublimitate
364 2195 435 2244 heroi
463 2195 579 2244 carminis
602 2196 699 2244 animus
720 2195 765 2242 ad·
814 2193 875 2256 subj.
888 2195 909 2242 is
925 2201 969 2242 not
985 2195 1080 2257 strictly
1090 2193 1210 2256 classical,
1228 2195 1271 2244 the
1287 2196 1389 2262 reading

189 2269 289 2326 surgat:
313 2261 348 2310 id.
360 2278 383 2310 rr.
396 2275 417 2320 1,
429 2260 460 2309 68
477 2262 585 2324 gravitas
596 2268 620 2309 et
632 2261 766 2309 cothurnus
814 2259 844 2308 ol
852 2259 894 2308 the
906 2259 978 2308 MSS.
991 2258 1081 2308 should
1093 2260 1124 2310 be
1134 2261 1271 2323 preserved.

188 2335 216 2376 et
227 2342 302 2376 sonus
318 2326 446 2390 Sophocli.
850 2325 887 2374 18.
905 2327 1038 2374 altiorum
1051 2328 1161 2375 artium
1179 2325 1220 2386 So,
1228 2325 1289 2376 with
1296 2326 1390 2391 special

223 2395 437 2452 iucunditatem,
469 2388 582 2440 ‘charm’
624 2389 658 2439 So
687 2389 765 2452 Quin-
814 2389 936 2439 reference
952 2397 979 2439 to
990 2390 1150 2454 philosophy,
1163 2390 1230 2440 Hist.
1243 2391 1274 2439 iv.
1289 2406 1313 2454 5,
1326 2406 1340 2454 5
1353 2394 1389 2441 in·

189 2458 270 2517 tilian,
280 2457 309 2505 of
316 2457 358 2506 the
370 2457 431 2519 lyric
442 2463 500 2521 poet
508 2455 656 2515 Simonides,
666 2455 764 2504 ‘iucuu
814 2455 916 2518 genium
929 2454 1030 2504 inlustre
1047 2456 1177 2504 altioribus
1192 2456 1281 2505 studiis
1293 2459 1389 2506 iuvenis

190 2523 269 2572 ditate
286 2522 394 2585 quadam
411 2522 579 2571 commendari
591 2520 690 2585 potest,’
702 2536 724 2568 x.
741 2533 761 2578 1,
814 2520 951 2568 admodum
962 2520 1046 2570 dedit:
1065 2521 1148 2584 Quint.
1156 2521 1206 2570 viii.
1217 2536 1239 2584 3,
1251 2537 1263 2570 a
1275 2539 1281 2571 ε
1299 2523 1324 2572 ii.
1335 2536 1357 2582 1,
1366 2538 1388 2586 3.

190 2587 231 2650 64,
248 2588 298 2636 and
316 2588 345 2636 oi
362 2587 461 2636 Horace
479 2588 583 2651 ‘plenus
599 2594 636 2635 est
652 2585 762 2634 iucundi·
815 2586 862 2649 Cp.
875 2585 940 2634 Plin.
951 2585 997 2650 Ep.
1007 2602 1030 2635 v.
1042 2585 1080 2646 16,
1090 2587 1105 2633 8
1117 2587 1198 2650 utqui
1210 2603 1235 2636 se
1246 2588 1279 2635 ab
1290 2588 1389 2638 ineunte

190 2653 249 2702 tatis
276 2659 302 2702 et
326 2653 437 2716 gratiae·
461 2653 493 2701 ib.
519 2658 531 2710 5
553 2650 592 2715 96.
637 2651 680 2698 Tr.
705 2651 764 2700 ‘the
814 2650 1388 2715 aetatealtioribusstudiisartibusquedederit.

190 2719 320 2782 charming
341 2718 410 2782 lyric,
432 2717 475 2767 the
496 2725 596 2766 wauton
618 2716 696 2780 elegy,
721 2715 763 2765 the
849 2729 887 2780 19.
905 2722 1006 2765 ustura
1017 2720 1158 2766 ...faran
1176 2717 1228 2767 Cic.
1237 2718 1267 2766 de
1275 2717 1344 2767 Orat.
1352 2719 1387 2769 iii.

190 2784 273 2847 biting
289 2783 430 2860 satira‘the
453 2782 549 2859 playiul
571 2782 692 2867 epigram,
714 2782 764 2830 and
817 2785 874 2843 535
894 2797 945 2857 quo
963 2797 1007 2831 sua
1028 2797 1149 2846 quemque
1170 2790 1258 2832 natura
1279 2785 1389 2832 maxime

190 2865 265 2963 θνθ661.
276 2848 459 2971 qtssetroqurlqoi
468 2849 630 2962 litliisatdretbe
650 2927 766 2961 common
815 2847 1246 2976 ferbicvdibebtllddugbutiiabwtguint
1256 2914 1297 2962 xii.
1307 2927 1346 2974 11,
1357 2915 1388 2962 28

190 2979 265 3039 form,
282 2995 303 3029 e.
311 2996 335 3042 g.
353 2978 523 3028 miserabiles.
542 3014 549 3027 .
568 3014 574 3026 .
590 2978 680 3043 elegos,
699 2978 762 3027 Hor.
817 2977 937 3027 Cicerone
949 2993 1030 3027 arcem
1042 2985 1138 3028 tenente
1148 2978 1311 3043 eloquentiae.

191 3044 268 3094 Odi.
283 3059 321 3107 33,
342 3059 371 3094 s:
388 3046 419 3094 A.
432 3044 459 3091 P.
473 3053 520 3107 773
537 3043 647 3109 exiguos,
665 3043 722 3091 Tib.
737 3042 762 3092 ii.
850 3057 889 3092 sc.
912 3047 944 3090 in
970 3045 1127 3092 levioribus
1155 3048 1294 3093 subsistis.
1340 3045 1389 3109 Cp.

191 3128 216 3168 4,
242 3122 291 3170 13:
318 3110 429 3173 Propert.
449 3125 472 3156 v.
495 3122 516 3165 1,
538 3122 601 3170 1353
629 3109 685 3172 Juv.
705 3109 721 3156 i.
742 3123 765 3170 4.
817 3107 901 3170 Quint.
914 3107 930 3157 i.
942 3107 981 3156 Pr.
999 3113 1012 3166 5
1027 3122 1057 3158 ao
1073 3109 1149 3157 altius
1163 3116 1248 3158 tamen
1264 3111 1335 3159 ibunt
1347 3112 1389 3174 qui

191 3175 259 3224 Ovid
270 3173 315 3223 has
326 3175 424 3237 elegei'a,
440 3172 530 3222 flebilis
545 3173 660 3237 indignos
671 3172 766 3236 elegeia
817 3173 850 3220 ad
861 3188 957 3222 summa
967 3173 1076 3222 uitentur
1083 3189 1158 3238 quam
1168 3177 1210 3238 qui
1222 3210 1229 3223 .
1243 3212 1249 3224 .
1262 3211 1267 3223 .
1278 3176 1390 3239 protinus

192 3238 262 3288 solve
284 3239 398 3301 capillos,
417 3239 474 3288 Am.
493 3238 527 3286 iii.
539 3253 564 3300 9,
578 3253 610 3301 3:
636 3254 675 3302 cp.
693 3239 766 3287 cultis
817 3239 881 3286 circa
892 3237 943 3286 ima
953 3239 1118 3288 substiterint:
1131 3238 1186 3289 Sen.
1196 3240 1313 3290 Controv.
1320 3257 1343 3289 x.
1351 3257 1389 3305 pr.

190 3312 236 3353 aut
253 3304 335 3366 elegia
356 3304 443 3362 comis,
463 3302 537 3352 Mart.
555 3319 579 3352 v.
602 3317 640 3366 30,
661 3318 685 3367 4.
719 3303 766 3352 See
819 3301 881 3361 5·16
905 3302 937 3350 ad
960 3318 1057 3352 summa
1083 3319 1198 3352 evasurus
1224 3307 1319 3354 iuvenis
1341 3307 1389 3355 nisi

192 3368 278 3432 Quint.
291 3385 314 3417 x.
330 3381 351 3427 1,
362 3373 375 3426 5
388 3382 426 3432 93.
817 3368 923 3416 modicis
934 3375 1062 3417 contentus
1073 3375 1142 3417 esset.

227 3435 367 3488 lascivias,
394 3431 582 3496 ‘playiuluesa’
615 3433 670 3482 The
696 3432 767 3482 word
852 3446 891 3483 21.
908 3435 1031 3482 ludicras
1109 3439 1198 3482 artes:
1217 3435 1274 3484 ‘the
1290 3451 1390 3485 accom-

191 3497 312 3548 indieates
340 3497 490 3547 exuberance
513 3498 542 3546 ol
566 3513 615 3560 any
641 3498 711 3558 kind,
739 3514 766 3547 as
817 3496 964 3561 plishmeuts
972 3498 1001 3545 ol
1010 3498 1051 3546 the
1062 3497 1150 3546 arena.’
1177 3498 1269 3548 Seneca
1280 3502 1390 3565 supplies

193 3564 290 3627 against
308 3578 389 3612 severe
405 3562 532 3611 restraint:
560 3562 624 3611 Hor.
637 3564 669 3612 A.
678 3564 705 3611 P.
720 3562 766 3610 106
817 3562 987 3611 adefinition:
1005 3563 1115 3612 ludicrae
1127 3571 1182 3611 sunt
1192 3565 1390 3630 quaeadvolup·

192 3627 318 3677 ludentem
335 3628 428 3676 lasciva
443 3625 529 3691 (verba
545 3627 642 3690 decent)
654 3643 765 3676 severum
817 3634 894 3677 tatem
914 3628 1043 3677 oculorum
1061 3636 1135 3691 atque
1157 3630 1253 3676 aurium
1276 3631 1389 3691 tendunt,

192 3693 256 3742 seria
267 3693 344 3753 dicta,
356 3693 372 3741 i.
382 3708 403 3741 e.
416 3691 553 3756 ‘sportive’
566 3708 593 3740 as
610 3694 721 3757 opposed
738 3700 765 3742 to
817 3693 866 3758 Ep.
876 3694 917 3754 88,
929 3707 967 3742 aa.
1001 3693 1049 3756 Cp.
1061 3693 1145 3756 Quint.
1158 3693 1193 3742 iii.
1206 3692 1229 3749 6,
1244 3696 1282 3742 18.

191 3755 330 3808 ‘serious’:
347 3759 394 3821 Ep.
403 3758 429 3806 ii.
444 3770 464 3815 a,
481 3757 527 3806 216
538 3757 632 3807 lasciva
642 3758 766 3807 decentius
851 3771 889 3806 aa.
907 3760 1087 3807 Nicostratus
1103 3774 1154 3806 was
1170 3774 1202 3806 un
1219 3768 1348 3808 ornament
1365 3762 1394 3810 oi

192 3831 270 3884 aetas,
280 3823 348 3872 ‘that
364 3837 423 3885 may
439 3838 508 3872 more
524 3822 682 3886 becomingly
693 3825 766 3872 make
816 3824 858 3873 the
874 3823 1005 3887 price-ring
1020 3823 1045 3872 in
1066 3823 1108 3871 the
1124 3823 1213 3873 earlier
1231 3834 1287 3888 part
1307 3826 1335 3873 oi
1347 3825 1391 3875 the

193 3885 290 3952 marry!
323 3887 504 3950 SoQuintilian
513 3903 579 3952 says,
587 3887 764 3937 Ovidiusutro·
816 3889 869 3937 first
891 3898 998 3952 century.
1033 3888 1172 3951 Quintilian
1191 3889 1243 3938 had
1261 3906 1316 3939 seen
1337 3891 1389 3939 him

193 3969 242 4018 que
255 3953 370 4018 (Tibullo
384 3959 409 4001 et
420 3953 559 4017 Propertio)
572 3952 687 4002 lascivior
703 3953 766 4003 sicut
816 3955 888 4003 when
904 3971 920 4002 a
935 3969 1019 4017 young
1035 3969 1093 4002 man
1107 3954 1143 4018 (ii.
1157 3956 1180 4010 8,
1195 3959 1246 4017 14),
1263 3957 1312 4003 and
1326 3956 1388 4005 Pau·

193 4019 278 4069 dunos
294 4017 392 4077 Gallus,
409 4034 432 4066 x.
447 4031 470 4077 1,
484 4033 525 4082 93,
541 4019 622 4067 where
641 4034 681 4068 see
699 4026 764 4068 note.
816 4019 897 4068 sanias
918 4017 951 4082 (v.
970 4032 1008 4073 21,
1028 4018 1070 4082 11)
1089 4021 1158 4082 gives
1177 4020 1217 4068 his
1234 4036 1306 4070 name
1328 4037 1355 4070 as
1374 4038 1390 4071 a

193 4084 312 4133 Lascivus
331 4099 411 4133 recurs
430 4085 503 4134 twice
524 4083 551 4132 in
573 4082 615 4133 the
632 4083 766 4148 Dialogue,
815 4083 1223 4147 victorintheOlympicGames.

193 4149 245 4198 chs.
258 4150 296 4198 26.
311 4157 324 4211 7
337 4149 435 4198 and29.
450 4157 471 4211 7.
851 4163 889 4210 23.
908 4152 1088 4210 capuanam,
1100 4150 1117 4198 i.
1127 4165 1147 4199 e.
1162 4150 1194 4198 ad
1205 4150 1353 4214 pugilatum.

227 4211 621 4278 amaritudincm‘acrimonyss
640 4213 695 4262 The
703 4212 766 4276 figu-
851 4228 889 4277 ²4
905 4217 992 4264 iaculi
1014 4251 1020 4264 .
1043 4250 1050 4263 .
1072 4250 1079 4264 .
1102 4218 1187 4264 tactu.
1238 4216 1339 4266 Tacitus
1364 4217 1390 4266 in

193 4278 270 4327 rative
279 4294 322 4327 use
334 4279 362 4327 oi
369 4278 418 4328 this
427 4279 495 4327 word
504 4294 589 4329 occurs
596 4281 621 4328 in
630 4278 768 4342 Quintilian
817 4279 860 4329 the
877 4279 1002 4342 Dialogue
1019 4279 1080 4329 does
1097 4289 1141 4329 not
1160 4281 1234 4329 avoid
1250 4282 1292 4331 the
1307 4281 1388 4344 juxta-

196 4344 349 4410 (x.1‚117),
372 4343 446 4408 Pliny
464 4345 507 4394 the
523 4346 647 4408 Younger,
667 4345 766 4403 Seneca,
817 4345 925 4409 position
946 4345 975 4393 ol
991 4344 1033 4394 the
1052 4360 1120 4394 same
1136 4361 1164 4394 or
1181 4345 1276 4394 similar
1292 4347 1390 4396 words:

192 4408 244 4457 and
260 4408 375 4458 Valerius
392 4409 525 4461 Maximus.
560 4410 644 4475 Quint.
662 4426 687 4461 x.
701 4423 722 4474 1,
735 4409 766 4476 96
819 4410 992 4462 86studicse
1072 4411 1228 4463 studiorum:
1255 4413 1278 4467 7.
1297 4412 1390 4464 alatus

1412 3661 1418 3668 =

1418 3775 1497 4080 N

1415 4293 1433 4437 l
